3256 5098
727 365 746 428 7

144 560 245 622 fuisse
283 558 485 623 Tertulliano
526 561 770 636 necessitatem,
811 563 847 622 ut
881 561 1065 624 sacerdotia
1098 565 1326 626 enumeraret?

143 664 308 745 Equidem
330 663 410 725 nihil
434 662 523 726 aliud
550 663 611 726 nisi
635 664 697 728 hoc
726 684 829 727 uuum
851 663 927 728 inde
951 664 1056 745 colligi
1078 685 1176 744 posse
1199 684 1326 741 cense0,

143 767 228 829 duos
260 765 332 830 illos
363 765 452 830 locos
482 766 567 829 inter
597 787 633 830 se
667 765 777 848 aliquo
811 766 910 831 modo
943 768 1134 843 cohaerere,
1170 767 1227 830 sed
1258 787 1325 831 non

142 872 255 949 potest
277 869 353 932 inde
376 870 546 950 cognosci,
575 889 655 932 num
686 870 728 935 ob
752 889 824 933 eam
846 890 981 933 causam
1005 872 1204 950 congruant,
1237 869 1325 950 quod

144 991 186 1034 ex
208 971 303 1034 tertio
328 972 473 1053 quodam
494 971 585 1035 fonte
607 972 676 1036 sive
700 973 742 1035 ab
765 973 836 1052 ipso
859 973 927 1036 sive
943 992 1002 1052 per
1021 971 1161 1035 rivulum
1186 972 1327 1052 aliquem

144 1073 348 1148 affluxerint3
380 1073 514 1137 minime
541 1095 629 1151 vero,
662 1077 735 1138 uter
762 1075 853 1137 locus
883 1075 973 1155 prius
1005 1094 1043 1137 ac
1065 1073 1170 1156 magis
1193 1073 1326 1154 proprio

144 1175 276 1256 ingenio
299 1175 466 1255 scriptoris
489 1175 531 1237 sit
553 1176 764 1256 compositus.
809 1175 919 1257 Atque
942 1196 981 1238 ex
1004 1195 1069 1256 quo
1093 1175 1164 1240 loco
1187 1176 1326 1239 ilbertus

145 1277 311 1342 concludit
344 1277 436 1358 prius
470 1276 638 1357 scripsisse
670 1278 867 1355 Minucium,
910 1297 949 1341 ex
983 1276 1098 1340 eodem
1132 1275 1326 1340 Wilhelmus

146 1378 405 1455 Tertullianum;
430 1399 596 1460 quamque
618 1380 728 1460 inepte
750 1381 813 1444 hoc
834 1380 955 1458 fecerit,
978 1382 1141 1443 testantur
1163 1378 1260 1443 haec:

235 1517 320 1591 „lam
356 1536 433 1579 vero
470 1515 558 1578 aliud
592 1519 725 1597 praesto
762 1519 811 1580 est
846 1519 1096 1598 argumentum,
1136 1536 1201 1597 quo
1236 1536 1326 1580 com-

143 1619 304 1700 probetur
323 1618 560 1681 Tertullianum
585 1618 758 1683 eMinucio
777 1639 844 1683 non
860 1619 1012 1699 pendere.
1058 1618 1213 1682 Octavius
1239 1620 1326 1682 enim

143 1720 188 1784 ad
222 1719 352 1784 Caecilii
380 1720 482 1783 verba
514 1720 690 1801 respiciens
722 1720 776 1801 (62
811 1721 909 1785 castis
938 1719 1130 1802 virginibus)
1163 1721 1325 1802 virginum

144 1822 326 1886 Vestalium
344 1821 535 1904 pudicitiam
558 1823 728 1886 cavillatur
746 1823 810 1903 (25,
837 1821 898 1903 10),
923 1843 989 1905 qua
1011 1823 1217 1887 cavillatione
1238 1827 1326 1887 caret

145 1923 339 1987 Tertulliani
367 1924 456 1987 liber.
502 1924 638 1988 Videtur
664 1925 762 2004 igitur
794 1945 813 1988 a
841 1925 982 1988 Minucio
1010 1925 1090 1988 satis
1117 1927 1226 1988 actum
1254 1945 1325 1988 esse

144 2025 185 2088 de
223 2025 419 2089 Vestalibus
471 2024 689 2089 Nihilominus
730 2027 830 2108 paulo
870 2029 945 2107 post
977 2046 1045 2089 una
1083 2046 1156 2089 cum
1191 2025 1324 2107 reliquis

144 2127 336 2191 sacerdotiis
370 2128 504 2191 eaedem
537 2128 656 2191 iterum
693 2131 1000 2193 commemorantur.
1057 2129 1140 2204 Cur,
1177 2132 1324 2208 quaeso?

142 2229 243 2293 Putes
266 2229 446 2294 Minucium
467 2230 659 2293 Tertulliani
681 2230 824 2311 vestigiis
848 2231 1030 2311 ingressum
1054 2233 1152 2294 esse.“
1194 2279 1199 2290 .

229 2365 393 2428 Minucius
414 2365 521 2446 igitur,
545 2367 635 2447 quod
652 2367 685 2430 in
708 2367 898 2430 sacerdotiis
924 2355 1154 2430 enumerandis
1177 2365 1323 2430 Vestales

142 2467 244 2531 modo
267 2469 464 2545 nominatos,
488 2469 607 2531 iterum
629 2469 788 2546 nominat,
811 2473 918 2532 totum
934 2469 1042 2532 locum
1064 2489 1103 2532 ex
1121 2468 1323 2548 apologetico

143 2570 337 2633 Tertulliani
361 2571 544 2651 exscripsit!
577 2571 664 2634 Sane
687 2571 915 2652 gravissimum
940 2573 1184 2652 argumentum!
1221 2571 1322 2648 Quasi

143 2692 223 2736 vero
245 2671 416 2749 Minucius
440 2673 496 2753 qui
519 2673 679 2736 rhetorice
702 2676 733 2735 et
755 2693 823 2736 non
845 2673 915 2736 sine
938 2673 1047 2754 aliquo
1071 2671 1184 2736 afflatu
1212 2672 1321 2735 divino

143 2761 343 2856 loqueretur,
363 2776 464 2838 verba
480 2795 543 2838 sua
561 2775 683 2856 ubique
700 2776 795 2839 anxie
810 2775 1034 2855 ponderasset,
1050 2775 1136 2836 utin
1152 2795 1323 2838 enumera-

142 2879 288 2942 tionibus
311 2898 352 2942 ne
374 2878 470 2941 nimis
493 2878 597 2941 multa
621 2881 677 2940 aut
701 2878 816 2941 eadem
839 2878 984 2940 afferret!
1007 2875 1078 2939 Hac
1101 2877 1199 2957 igitur
1225 2897 1321 2957 argu-

142 2981 347 3044 mentatione
376 2979 455 3042 nihil
477 2981 646 3060 probatur.
690 2979 726 3042 ld
748 2981 868 3044 mirum
897 2983 961 3056 est,
992 2978 1081 3060 quod
1103 2979 1323 3043 Tertullianus

143 3072 381 3147 commemorat
419 3083 660 3161 ,Amazones¹‘,
698 3103 837 3164 quarum
872 3082 960 3163 apud
991 3085 1117 3145 veteres
1149 3082 1322 3164 scriptores

143 3184 235 3248 nulla
258 3183 294 3247 fit
315 3187 483 3250 memoria.
529 3186 709 3250 Verisimile
733 3189 791 3264 est,
819 3185 1038 3261 ,Amazones“
1064 3205 1103 3248 ex
1117 3179 1217 3248 ⁴tertio
1233 3184 1323 3247 fonte

142 3287 310 3351 communi
330 3287 363 3350 in
386 3288 577 3352 Tertulliani
598 3288 837 3369 apologeticum
856 3287 1031 3351 influxisse.
1076 3286 1232 3349 Ceterum
1242 3286 1322 3348 nihil
1361 3349 1363 3352 ,

144 3389 225 3453 certi
248 3390 310 3452 hac
332 3389 366 3451 in
388 3410 423 3453 re
444 3390 544 3453 statui
566 3394 684 3471 potest,
708 3390 795 3453 unde
817 3389 957 3470 reprobo
974 3387 1139 3452 Wilhelmi
1161 3388 1322 3452 rationem
1374 3375 1375 3378 ¹

144 3490 406 3573 argumentandi.

229 3627 410 3709 Postquam
432 3629 530 3709 igitur
559 3629 644 3706 vias,
679 3648 762 3710 quas
784 3627 933 3690 homines
957 3626 1043 3689 docti
1068 3625 1111 3688 ad
1132 3625 1217 3688 hanc
1240 3624 1323 3689 diffi-

142 3729 238 3792 cilem
276 3731 503 3810 quaestionem
543 3731 760 3794 dirimendam
798 3729 935 3810 ingressi
975 3732 1067 3804 sunt,
1114 3726 1251 3807 explicui
1292 3731 1323 3789 et

141 3831 358 3896 novissimam
380 3832 545 3897 Wilhelmi
569 3834 824 3914 disputationem
853 3831 1017 3907 recensui,
1046 3850 1157 3893 meum
1180 3831 1245 3904 est,
1269 3848 1323 3890 ex-

141 3935 296 4016 planare,
325 3936 405 4016 quid
433 3936 517 3999 inter
546 3939 615 4000 tam
645 3937 774 3999 diversa
803 3934 973 3997 hominum
1002 3933 1174 3996 doctorum
1202 3930 1322 3993 iudicia

142 4037 214 4117 ipse
237 4037 385 4100 sentiam.
431 4038 513 4102 Cum
537 4043 647 4103 autem
671 4039 711 4101 ab
735 4037 831 4100 huius
851 4036 949 4099 libelli
973 4040 1004 4099 et
1020 4034 1119 4099 modo
1142 4036 1174 4096 et
1195 4031 1322 4095 ratione

143 4138 321 4202 abhorreat
357 4140 559 4221 singulorum
595 4141 833 4223 disputationes
849 4147 851 4154 ’
865 4139 995 4221 penitus
1036 4139 1201 4210 excutere,
1241 4131 1320 4195 satis

141 4239 291 4316 habebo,
330 4262 415 4322 quae
445 4244 514 4325 ipse
544 4244 653 4308 inveni
686 4263 886 4326 proponere,
923 4242 1042 4323 quibus
1074 4238 1163 4320 quod
1197 4234 1322 4299 censuit

141 4341 292 4420 EbertuS,
315 4344 348 4406 in
372 4345 471 4408 dubio
490 4366 557 4409 non
579 4346 773 4428 relinquitur
790 4345 968 4408 Minucium
991 4344 1067 4406 ante
1086 4338 1323 4404 Tertullianum

142 4443 321 4523 scripsisse.
