3290 5102
878 379 919 442 18

310 571 412 634 ricum
433 571 638 652 Jeyunitatem
664 572 732 636 fere
763 576 795 638 11
824 573 1066 656 simplicitatem
1095 595 1174 656 prae
1206 595 1240 638 se
1262 575 1335 639 fert.
1380 576 1491 658 Atque

309 674 350 737 de
373 674 539 758 asyndetis
562 674 694 758 quidem
718 676 911 740 Minucianis
933 677 1101 740 hactenus.

311 979 361 1046 ll.
385 980 664 1065 Polysyndeton‚
688 979 961 1066 conjunctiones
977 983 1216 1066 copulativae,
1239 981 1491 1068 disjunctivae,

740 1083 1070 1167 correspondentes,

704 1255 737 1338 a)
772 1257 1098 1339 polysyndeton.

395 1393 579 1458 Adhibetur
615 1393 747 1475 quidem
778 1392 1020 1475 polysyndeton
1057 1414 1077 1457 a
1109 1393 1267 1471 Minucio,
1308 1393 1365 1456 sed
1396 1392 1493 1474 longe

309 1495 439 1576 parcius
472 1495 631 1578 asyndeto
664 1496 869 1578 occurritque
900 1496 981 1559 haec
1010 1495 1115 1577 figura
1144 1496 1242 1559 variis
1271 1495 1393 1558 formis.
1443 1495 1492 1558 De

311 1597 465 1679 exemplis
486 1619 526 1664 ea
542 1602 672 1663 tantum
692 1599 836 1675 afferam,
861 1618 946 1680 quae
968 1603 1025 1662 aut
1045 1599 1152 1663 forma
1174 1601 1231 1663 aut
1253 1619 1288 1663 re
1306 1600 1492 1662 memoratu

310 1701 374 1766 sint
398 1701 504 1782 digna.

395 1804 434 1866 Et
462 1803 587 1884 figurae
615 1804 762 1886 quidem:
795 1806 827 1868 et
849 1843 890 1850 -—
914 1808 1008 1868 ct-
1032 1808 1064 1868 et
1087 1843 1127 1850 -
1152 1806 1184 1868 et
1211 1842 1250 1849 —
1273 1823 1333 1866 nec
1355 1803 1493 1884 praebet

311 1905 495 1986 exemplum
517 1906 577 1970 loc.
601 1909 651 1983 25,
678 1909 715 1971 ld
744 1927 835 1982 ,curn
857 1906 1027 1989 pontifices
1054 1911 1093 1971 11
1116 1907 1243 1971 arvales
1266 1910 1306 1970 et
1328 1906 1427 1969 salios
1451 1908 1499 1969 11

309 2007 449 2070 vestales
473 2010 510 2072 11
534 2029 673 2090 augures
695 2030 763 2073 nou
785 2011 946 2073 haberent
964 2030 1041 2074 nec
1063 2009 1169 2090 pullos
1193 2029 1295 2073 cavea
1315 2009 1491 2082 reclusos“,

393 2108 460 2173 Nec
483 2131 550 2174 non
573 2112 685 2176 Cicero
707 2133 783 2176 raro
808 2112 941 2176 adhibet
962 2112 1221 2194 polysyndeton,
1245 2112 1337 2175 cuius
1367 2110 1491 2192 figurae

309 2211 373 2275 tria
401 2213 490 2292 apud
516 2213 717 2295 Draegerum
746 2218 877 2278 exstant
910 2215 1058 2295 exempla
1087 2214 1322 2290 Β11111,81;
1354 2213 1394 2276 de
1423 2215 1489 2276 nat.

309 2313 397 2377 deor.
421 2315 450 2390 d,
475 2315 525 2391 31,
549 2316 599 2391 80,
624 2315 679 2378 cir.
702 2315 818 2396 Draeg.
843 2315 898 2378 lat.
921 2314 995 2378 hist.
1019 2315 1111 2398 Synt.
1136 2315 1153 2396 ξ
1177 2316 1249 2392 311,
1276 2316 1302 2379 1.

395 2417 543 2480 Alterum
571 2438 670 2498 porro
693 2418 812 2480 mirum
841 2418 1084 2499 polysyndeton
1105 2419 1328 2482 Minucianum
1354 2418 1490 2499 praehet

309 2519 368 2581 loc.
387 2519 436 2595 38,
454 2519 490 2583 5:
515 2539 646 2600 quoque
670 2521 701 2582 11
718 2557 757 2564 m
776 2521 863 2582 et-
880 2522 912 2583 ct
934 2558 974 2565 -
998 2520 1097 2584 etiam
1124 2521 1303 2597 ,Socrates
1327 2513 1490 2582 Arcesilas

588 2601 1081 2669 ω--Ἔμ-’Μ

310 2709 442 2770 quoque
465 2692 496 2753 11
520 2690 705 2754 Carncades
729 2695 760 2754 et
775 2691 878 2772 Pyrro
902 2694 935 2754 et
957 2691 1063 2754 omnis
1086 2691 1359 2754 Academicorum
1381 2690 1491 2752 multi-

308 2792 398 2867 tude,
422 2792 606 2856 Simonides
630 2794 756 2856 ctiam.“

392 2894 568 2958 Minuciani
586 2895 673 2958 enim
695 2894 854 2958 sermonis
876 2895 1046 2974 proprium
1070 2896 1127 2969 est,
1151 2894 1310 2958 nonnulla
1340 2893 1490 2957 membra

307 3015 366 3075 per
393 3001 558 3077 ,quoque“
582 3000 614 3060 et
639 2998 772 3072 ,etiam“
794 2996 980 3078 adjungere.
1025 2996 1139 3077 Neque
1155 3016 1232 3059 vero
1256 2995 1345 3077 apud
1362 2995 1490 3058 Cicero-

307 3118 383 3160 nem
418 3099 565 3162 invenias
597 3099 797 3180 exemplum,
828 3099 861 3161 in
893 3119 958 3180 quo
985 3119 1044 3178 per
1081 3101 1247 3179 „quoque“
1284 3100 1316 3161 11
1353 3097 1486 3172 ,etiam“

308 3201 436 3282 singula
457 3203 559 3265 verba
582 3202 792 3277 adserantur3
824 3201 949 3282 respuit
978 3201 1064 3264 enim
1087 3201 1172 3264 hanc
1195 3200 1389 3263 dissolutam
1413 3218 1492 3261 con-

305 3301 509 3383 junctionem
527 3302 741 3366 Ciceroniana
757 3303 958 3366 concinnitas
980 3307 1012 3366 et
1033 3302 1203 3384 elegantia.
1248 3302 1408 3365 Minucius
1427 3301 1490 3364 hoc

306 3405 340 3467 in
365 3425 482 3486 genere
504 3405 639 3486 propius
663 3404 798 3468 accessit
821 3424 1006 3467 sermonem
1030 3404 1248 3479 cotidianum3
1283 3403 1395 3466 sedin
1417 3402 1490 3465 uni-

307 3527 438 3570 versum
461 3528 528 3570 non
553 3507 731 3570 admodum
755 3507 961 3588 amplectitur
983 3507 1068 3570 hanc
1090 3507 1247 3588 figuram,
1272 3507 1350 3587 quia
1371 3525 1489 3587 parum

281 3623 283 3628 '
308 3609 460 3672 convenit
482 3609 515 3670 in
538 3609 681 3672 colorem
703 3608 911 3672 rhetoricum.

546 3793 581 3876 b)
605 3796 939 3878 Conjunctiones
960 3796 1247 3878 copulativae.

398 3931 480 4007 ,Ac“
512 3934 659 4012 „atque“.
703 3931 774 3994 Hae
798 3933 930 4012 quidem
953 3932 1199 4014 conjunctiones
1221 3937 1258 3996 ut
1281 3955 1301 3997 a
1323 3933 1488 4012 Cicerone,

308 4037 354 4100 ita
383 4035 565 4099 aMinucio
598 4036 640 4100 ad
669 4037 888 4100 conserendas
919 4037 1070 4100 notiones
1098 4037 1183 4099 inter
1212 4057 1246 4099 se
1275 4035 1488 4100 cohaerentes

307 4138 459 4219 usurpari
482 4138 587 4200 solent
609 4138 659 4214 al,
682 4139 704 4201 4
736 4138 821 4212 „Scit
847 4138 909 4201 hoc
932 4137 1042 4219 Nepos
1067 4141 1098 4200 11
1120 4137 1252 4201 Cassius
1276 4138 1309 4200 in
1331 4138 1487 4214 historia;

309 4243 341 4304 ct
363 4239 497 4303 Thallus
521 4255 561 4300 ac
584 4239 746 4302 Diadorns
769 4239 831 4303 hoc
854 4239 1063 4320 loquuntnr“.

393 4339 559 4403 Posterius
586 4341 682 4421 igitur
704 4361 765 4422 par
787 4340 958 4404 nominum
981 4342 1180 4405 Graecorum
1210 4346 1381 4423 tamquam
1404 4341 1488 4405 inter

308 4462 343 4505 se
367 4443 611 4506 cohaerentium
634 4464 692 4524 per
719 4448 790 4518 ,ac“
819 4443 1035 4525 conjungitur,
1059 4465 1133 4508 curn
1155 4464 1214 4526 per
1236 4443 1488 4525 praecedentem
