821 1275
36 349 56 367 ΙἹ
36 236 68 334 *memet-J
34 149 58 217 &M

287 338 454 362 Praefatio.

120 454 186 470 Minucii
203 454 260 470 Felicis
276 454 362 470 Octavium
378 454 433 470 studia
448 454 533 470 hominum
549 454 635 470 doctorum
651 456 666 470 et

75 479 197 499 philologorum
212 481 228 495 et
240 480 354 500 theologorum
367 479 393 495 vel
404 480 471 500 proprio
485 480 565 496 sermonis
576 480 630 496 colore
641 480 666 496 vel

75 505 118 521 miro
127 505 200 525 quodam
208 506 304 525 arfflimento
313 505 406 525 nuperrime
416 505 504 525 praecipue
514 505 530 521 in
541 510 559 521 se
567 505 666 521 convertisse

74 530 116 546 satis
128 531 197 546 constat,

118 556 219 575 Quaestione
227 556 270 572 enim
278 557 330 575 mota,
339 561 373 576 qua
380 556 444 572 ratione
454 556 528 576 dialogus
536 556 601 572 Minucii
609 556 666 572 Felicis

75 582 93 597 et
104 582 224 602 apologeticum
235 582 331 598 Tertulliani
342 582 385 597 inter
395 586 413 597 se
424 582 551 600 continerentur,
563 582 609 598 multi
621 582 667 598 dein-

75 612 115 627 ceps
126 607 200 623 homines
213 607 256 623 docti
268 608 372 626 exstiterunt,
384 607 412 627 qui
423 607 466 623 hanc
478 607 590 627 quaestionem
602 612 666 623 summo

74 632 130 648 studio
141 633 287 653 persequerentur:
303 633 380 652 Ehertus,
396 632 486 652 Hal-telius,
498 632 613 652 Schwenkius.
625 633 666 649 Wil-

74 658 144 674 helmus.
167 658 256 678 Postquam
271 663 320 679 porro
336 659 408 674 rationes
423 658 465 674 inter
476 658 562 674 Octavium
574 658 665 675 Ciceronis-

75 688 108 704 que
119 683 178 699 librum
191 684 221 702 ,de
232 685 291 700 natura
303 684 379 700 deorum*
393 684 512 700 intercedentes
522 684 615 704 explanavit
623 684 666 700 Beh-

75 710 117 729 rius,
133 710 226 731 nuperrime
238 710 334 726 exstiterunt
346 711 379 726 duo
390 710 465 726 homines
476 710 527 729 docti,
539 710 567 730 qui
578 709 666 725 nonnullos

75 735 120 751 locos
136 736 200 752 criticos
219 736 284 752 Minucii
300 736 325 752 vel
343 736 455 752 emendandos
471 736 496 752 vel
513 735 618 756 explicandos
635 735 666 751 sibi

75 762 205 780 nmnosuerant,
220 761 352 782 Kronenbergius
366 761 382 777 in
397 761 511 777 dissertatione
527 760 636 780 ,Minucianffl
650 761 666 776 et

119 787 210 807 ierbergius
221 787 238 802 in
249 787 392 803 observationibus
403 787 462 802 criticis
473 786 490 802 in
501 786 592 802 Octavium.

119 812 142 828 At
153 812 228 832 quamvis
240 812 273 828 sint
284 812 330 828 multi
341 812 361 828 de
372 812 443 828 Minucio
455 812 508 831 libelli,
521 817 569 827 nemo
580 812 634 827 adhue
646 811 666 827 de

121 843 153 854 one
164 837 257 854 Minuciano
269 838 292 854 ita
303 838 375 858 scripsit.
389 838 408 854 ut
419 838 485 858 plenam
496 838 512 853 et
523 837 620 858 perfectam,
633 842 666 858 qua

119 868 134 879 es
145 863 225 879 sermonis
237 864 292 884 partes
304 864 420 883 tractarentur,
436 863 528 879 institueret
539 863 666 883 inquisitionem.

119 889 125 904 l
137 888 176 904 mihi
188 888 307 909 praestandum
319 889 365 904 ratus
377 888 407 904 hoe
419 888 515 908 opusculum
527 888 617 908 composui.
634 888 666 904 Sed

119 914 156 930 iiam
174 914 269 933 „Octavius¹⁴
287 914 335 930 valde
350 914 437 934 corruptus
454 913 474 929 ad
491 918 521 929 nos
536 914 617 934 pervenit,
632 919 666 930 non

119 945 152 956 ram
167 945 201 956 non
217 940 233 955 in
251 944 326 955 sermone
342 939 429 955 tractando
445 939 500 955 studia
516 939 572 955 critica
587 944 666 955 exercere

119 970 135 981 ie
146 971 184 982 curn
193 966 233 986 ipsis
245 966 325 982 sermonis
334 965 462 986 proprietatibus
474 966 510 981 illos
521 965 565 982 locos
577 965 631 981 critice
642 965 667 981 in—

119 991 142 1010 lvi,
154 996 225 1012 quorum
233 991 258 1007 vel
267 991 360 1007 emendatio
369 991 395 1007 vel
405 991 490 1011 explicatio
502 991 532 1007 illis
540 991 579 1011 ipsis
587 990 667 1007 sermonis

119 1017 206 1033 rietatibus
223 1017 324 1036 continetur,
340 1017 401 1037 quippe
418 1021 455 1032 cum
471 1016 532 1033 multos
549 1016 593 1032 locos
609 1016 667 1032 afferre

119 1042 152 1062 ipla
166 1043 206 1058 mihi
222 1048 255 1058 non
271 1042 350 1062 licuisset,
368 1042 399 1058 nisi
415 1042 460 1062 prius
478 1042 513 1058 illos
528 1042 548 1058 ab
563 1043 630 1058 auctore
644 1042 667 1057 ita

119 1068 306 1084 tos'demonstrassem.
332 1068 408 1084 Ceterum
425 1068 464 1084 nihil
480 1068 532 1089 magis
546 1068 667 1088 assequendum

132 1094 218 1114 proposui,
235 1099 285 1114 quarn
301 1095 319 1110 ut
333 1094 431 1114 scripturam
447 1094 525 1110 traditam
539 1093 565 1110 vel
581 1095 625 1109 recte
640 1098 667 1109 ex—

119 1124 156 1135 =rem
167 1119 193 1136 vel
200 1120 308 1140 depravatam
316 1119 426 1135 emendarem.
449 1119 497 1138 Quod
507 1119 520 1135 si
529 1119 569 1135 mihi
576 1119 666 1139 contigerit,

580 1145 587 1152 κ

336 1174 470 1204 153949
569 1145 575 1158 1
