821 1275
449 87 467 103 12

257 135 293 151 ibus
308 136 404 152 eonssavisse
420 136 487 156 eiusque
503 136 612 156 suspicionem
626 135 698 152 movisse
712 135 752 151 satis

257 161 287 181 cfr.
299 161 357 177 Euseb⁴
369 161 410 177 Hist.
423 161 460 177 eccl.
472 166 485 177 n.
497 161 523 180 IV,
535 161 567 181 26.)

262 192 328 207 quoque
345 187 399 203 locum
415 187 491 206 afferam,
508 192 540 207 quo
559 188 646 207 appareat,
662 186 752 202 Minucium

257 218 268 228 rs
280 213 337 229 atheos
348 213 451 233 potissimum
464 214 519 233 petere
530 213 545 231 8,
557 212 574 228 2:
591 217 685 233 „nunquam
696 213 752 228 tamen

257 238 313 254 rietatis
321 238 407 258 disciplina
414 238 501 254 simulatae
508 238 622 259 philosophiae
628 238 694 254 nomine
702 239 753 258 atque

257 270 259 279 ε
270 264 362 284 pollebant,
374 269 411 280 cum
423 264 512 280 Abderiten
524 264 631 284 Protagoram
644 263 752 280 Athenienses

257 289 276 305 lte
291 290 346 310 potius
360 295 410 310 quam
421 290 490 311 profane
505 290 525 306 de
540 289 625 305 divinitate
640 289 752 309 disputantem
779 289 782 291 “

257 315 287 331 rint
304 315 337 331 suis
353 315 413 332 finibus
428 317 444 332 et
457 316 474 332 in
488 315 565 332 contione
580 315 615 331 eius
630 315 690 335 scripta
704 314 753 330 deus—

257 342 268 356 ,“
293 341 313 356 Et
324 341 375 361 magns
387 342 415 357 est
426 341 526 360 mirandum,
542 341 586 361 quod
600 340 641 356 haee
653 340 703 356 verba
714 340 752 356 fucit

258 366 319 386 quippe
327 367 355 386 qui
366 367 488 387 philosophiam
499 367 556 382 contra
566 366 678 382 credulitatem
689 366 753 382 christi-

257 392 328 412 ·aecipue
340 392 459 408 defendendam
471 392 501 408 sibi
509 392 617 412 proposuerit.
639 391 669 407 His
676 391 753 407 omnihus

257 417 342 438 perpensis
353 417 436 438 dialogum
448 423 472 437 ea,
484 422 535 438 quam
546 422 597 438 supra
608 417 684 436 diximus,
697 417 752 433 mente

257 448 287 459 esse
298 443 324 459 vel
335 443 406 460 maxime
417 443 502 464 probabile
514 444 542 460 est.

258 470 264 485 t
276 469 308 485 alia
319 469 377 485 afferre
388 474 460 490 possum⁴
483 469 507 485 De
519 469 578 489 quibus
588 468 608 484 M.
617 468 694 484 Aurelius
706 468 752 484 inda-

257 495 265 510 *t
277 495 389 511 accusationes
405 495 440 511 fleri
456 495 503 511 iussit
514 495 648 513 christianorum,
663 494 683 510 de
694 494 713 510 iis
725 494 753 510 de-

260 520 348 537 Minucius:
360 521 380 537 de
391 521 480 542 impietate,
492 521 570 537 conviviis
578 520 669 541 Thyesteis,
681 520 752 536 incestis.

257 546 290 562 uod
302 546 386 566 Caecilius,
401 547 429 567 qui
441 547 505 567 dialogo
517 547 589 565 interest,
601 546 688 562 Frontonis
699 550 752 566 popu-

257 572 266 587 εἰ
278 577 307 592 per
321 577 358 588 eum
370 572 447 588 nimirum
463 573 478 588 in
490 572 565 588 Caesaris
580 572 641 588 amicos
653 572 752 591 assumptus·

261 602 300 613 vero
314 598 395 614 firmitatis
413 598 489 614 accrescit
503 598 569 613 nostrae
584 597 665 617 opinioni,
681 596 694 612 si
710 596 752 612 idem

257 624 273 639 et
283 623 333 639 modo
349 624 370 640 ad
382 624 471 640 christiana
485 628 532 640 saera
547 627 635 639 conversus
650 623 665 638 et
677 622 752 638 Caesaris

260 649 263 664 l
278 648 344 667 Quanto
353 649 412 665 certius
420 649 500 665 Minucius
508 654 605 669 prosperum
613 649 679 669 poterat
686 653 753 668 sperare

269 674 368 690 Frontonem
380 675 423 690 enim
434 675 494 690 mirum
509 675 589 695 quantum
604 674 675 690 valuisse
688 674 753 689 constat

257 699 343 719 3urelium,
360 700 385 715 cui
399 700 477 720 magister
492 700 584 716 exstitisset,
606 700 633 716 Sic
648 699 696 715 valde
711 699 753 715 veri-

261 725 349 741 Minucium
361 725 444 745 dialogum
460 725 505 741 initio
522 725 566 745 regni
581 725 601 741 M.
614 725 675 741 Aurelii
690 724 711 740 ad
722 724 753 740 im-

257 750 320 769 ffatiam
331 751 450 767 conciliandam
462 751 550 771 scripsisse,
562 751 633 766 maxime
644 750 692 766 annis
701 750 752 766 ifflj

273 776 294 792 ab
311 781 354 792 anno
368 776 398 792 154
413 776 473 792 bellum
488 776 582 792 Parthicum
598 781 678 797 prospero
693 777 753 792 eventu

265 801 286 817 ab
301 801 366 817 Aufidio
378 802 442 821 Cassio,
457 803 476 817 ut
490 802 506 818 in
520 802 602 822 posterius
616 803 681 822 ternpus
699 801 754 822 „signa

259 828 265 834 '‘
278 832 312 843 non
323 827 356 843 iam
368 827 442 847 quadret.

257 853 307 869 nutem
321 854 365 869 certo
381 854 454 873 tempore
466 853 526 872 relicto,
540 853 552 869 si
567 853 599 869 alia
611 858 678 874 quoque
690 853 754 869 ratione

258 883 265 894 r
276 878 356 894 Minucius
367 879 412 899 prior
423 879 471 895 fuerit
482 879 588 898 Tertulliano,
603 879 655 895 multa
667 879 699 895 alia
710 879 753 898 sunt,

257 909 312 920 ”lamus
321 906 422 925 argumenta.
444 905 524 921 Universa
532 905 575 921 enim
583 905 658 921 doctrina
665 904 754 920 christiana

258 930 337 946 ullianum
348 930 399 946 multo
411 930 463 951 magis
475 931 499 946 est
511 930 601 950 explicata,
618 931 636 946 ut
648 930 673 946 hie
685 930 717 946 iam
729 930 754 946 in-

267 956 298 972 hae
314 956 389 972 notiones
406 956 512 972 christianae:
530 956 610 975 Trinitas,
625 956 753 974 sacramentum,

279 982 390 998 Tertullianus
405 987 454 1002 porro
469 982 567 998 christianos
582 981 654 997 defendit
670 986 702 997 non
714 986 754 997 eon-

257 1006 350 1027 iajestatem
365 1007 450 1028 principis,
465 1007 493 1023 sed
505 1007 575 1023 sulutem
586 1007 608 1022 illi
624 1011 634 1022 a
645 1007 679 1023 Deo
690 1006 753 1027 optimo

260 1032 269 1048 d
281 1034 324 1048 certe
336 1038 369 1049 non
377 1033 458 1049 omisisset
470 1032 555 1051 Minucius,
567 1032 580 1048 si
588 1033 626 1052 post
634 1032 753 1048 Tertullianum

264 1058 362 1078 apologiam,

257 1088 271 1099 m
283 1083 337 1099 Cirtae
349 1084 432 1104 inscriptio
444 1085 468 1100 est
480 1084 546 1100 inventu
557 1089 594 1100 cum
606 1083 672 1100 nomine
683 1083 703 1099 M⁴
712 1083 753 1100 Cae-

271 1109 285 1125 is
296 1109 376 1125 Caecilius
390 1110 428 1130 post
439 1109 541 1125 Caracallum
557 1109 643 1130 ponendus
658 1110 683 1125 est
699 1114 753 1129 neque
