821 1275
359 87 376 102 11

72 140 109 155 que.
132 135 159 151 Sic
173 141 228 152 nonne
244 136 306 156 optime
323 136 367 152 cadit
384 136 400 151 in
416 136 531 156 philosophos,
548 141 589 157 quos
605 137 663 153 habuit

72 161 162 181 imperator
173 161 248 177 comites:
268 162 381 182 ,corruptores
395 162 411 177 et
425 161 519 177 adulatores
533 161 550 177 in
561 162 660 182 tyrannos?

71 191 127 202 nonne
144 186 231 203 bellissime
246 187 292 203 sedet
308 187 325 202 in
342 187 428 203 Crescente
444 187 500 207 cynico
516 187 555 203 hoc:
574 192 613 206 „nos
629 192 662 203 non

72 212 130 228 habitu
141 213 247 233 sapientiam,
262 213 291 228 sed
302 213 357 228 mente
367 212 496 232 prueferimus'‘?
513 217 585 233 namque
596 214 663 233 propter

71 237 156 253 sordidum
165 238 239 254 habitum
249 238 327 254 volebant
338 238 390 258 cynici
399 243 429 258 pro
439 238 540 258 sapientibus
548 238 610 255 haberi.
629 238 663 254 Nec

71 268 105 279 non
117 263 204 284 supercilia
212 270 231 277 ε
242 264 325 282 „iinsterer
336 263 389 279 Stolz¹⁴
402 263 473 283 quadrat
484 264 572 284 praecipue
583 264 599 280 in
610 264 663 284 philo-

38 293 42 296 ·
71 288 142 309 sophum
153 289 232 309 cynicum.
255 289 310 309 Atque
319 294 358 305 vero
369 289 488 309 pulcherrimus
497 294 552 305 rerum
564 291 662 306 concentus!

74 314 100 332 „In
107 315 195 334 tyrimnas*
206 314 261 330 scribit
268 314 348 330 Minucius
354 314 423 330 forsitan
430 316 497 335 propter
506 315 601 331 societatem
609 315 662 336 regni,

73 339 94 355 M.
104 339 181 355 Aurelius
192 340 235 355 enim
247 345 281 356 una
292 345 329 356 cum
340 340 389 356 fratre
397 340 415 356 L.
423 340 466 356 Vero
474 340 584 360 principatum
592 341 663 357 tenebat.

71 365 105 380 Nec
117 365 185 384 mireris,
197 365 210 381 si
222 365 302 381 Minucius
311 365 419 385 imperatores
430 366 509 386 tyrannos
521 366 598 386 appellat.
620 366 662 382 Nam

72 391 144 411 primum
159 391 225 411 quidem
240 391 271 407 hoc
290 391 325 407 Ioco
341 396 375 407 non
390 391 489 411 opprobiose
504 391 551 407 affert
568 391 599 407 hoc
614 397 663 407 voca-

71 416 134 435 bulum,
148 417 183 432 tum
195 416 254 432 licebat
272 416 292 432 de
306 416 432 437 imperatoribus
444 416 510 432 liberius
523 417 581 432 dicere.
604 416 662 437 Script.

71 442 109 458 hist*
121 442 172 462 Aug:
191 442 223 461 ,ita
237 442 304 458 civiliter
318 447 336 458 se
352 442 401 458 ambo
416 443 492 462 egerunt,
508 443 526 458 ut
541 442 624 458 lenitatem
638 442 663 458 Pii

71 472 120 483 nerno
138 467 247 486 desideraret,
264 472 302 483 cum
319 473 347 483 eos
363 468 450 486 Marullus,
467 467 492 483 sui
509 468 588 488 temporis
604 467 663 484 mimo-

72 493 132 513 grasus,
151 493 243 509 cavillando
258 493 324 514 impune
343 494 472 514 perstringeret.“
501 493 525 509 lta
541 494 591 510 libere
609 494 663 514 potuit

71 519 182 535 condemnare
198 519 242 539 regni
257 519 352 535 societatem
369 519 450 535 Minucius
466 524 502 539 cap.
515 520 542 538 18,
554 520 564 535 6
587 520 662 540 ,quando

72 550 146 565 unquam
162 545 207 565 regni
223 545 293 562 societas
307 547 336 561 aut
351 551 388 561 eum
401 546 434 561 fide
448 546 501 566 coepit
516 547 545 562 aut
558 545 593 561 sine
606 550 663 561 cruore

72 597 146 616 tempore
158 602 192 612 rem
203 597 246 613 male
257 598 320 617 gereret
331 598 389 613 contra
400 597 477 616 Parthos,
494 597 551 617 utique
565 596 662 617 probissimo

72 621 131 642 cuique
142 622 177 638 viro
189 622 265 638 Romano
277 627 342 639 summo
356 622 393 639 odio
409 623 450 642 erat,
465 623 483 638 ut
498 622 557 638 mirum
572 627 605 638 non
620 622 662 637 esset

72 647 158 663 Romanos
173 648 219 668 regni
234 648 329 664 societatem
346 648 415 664 moleste
428 648 489 664 tulisse.
504 656 524 658 —
546 648 579 664 Sed
594 647 662 663 alterum

73 673 127 689 habeo
139 673 198 692 locum.
212 678 232 689 ex
243 678 276 694 quo
288 673 415 689 luculentissime
426 674 500 694 apparet,
511 673 599 689 Minucium
611 673 664 693 philo-

72 699 142 719 sophOS,
154 699 182 719 qui
193 699 260 719 quidem
271 700 326 715 essent
337 699 424 715 consiliarii
437 699 546 719 imperatoris,
561 699 593 715 hoc
608 699 662 714 libello

72 724 157 745 petivissez
173 725 200 741 cfr.
212 725 238 744 37,
250 725 259 741 7
273 725 298 744 „in
310 725 341 741 hoe
352 725 373 741 ad
385 730 404 741 eo
416 725 484 745 quidam
495 725 567 745 imperiis
580 730 599 740 ac
611 724 663 740 domi-

72 750 167 766 nationibus
186 751 278 771 eriguntur,
298 752 316 766 ut
331 751 414 771 ingenium
433 756 490 767 eorum
510 751 584 771 perditae
600 751 663 766 mentes

72 775 138 792 licentia
152 777 238 796 potestatis
254 777 304 792 libere
321 777 448 792 nundinentur&
471 776 501 796 (De
516 776 598 792 emendat.
614 776 663 791 huius

72 801 103 816 loci
115 801 143 817 csr.
155 801 203 822 infra)
220 802 301 822 „perditas
316 803 388 818 mentes*
404 802 477 822 perditos
493 802 600 822 philosophos
614 802 663 817 inter-

72 827 162 846 pretandos
174 832 216 846 esse,
231 827 268 847 quis
284 832 317 843 non
332 827 416 847 intelligit?
438 827 483 843 Haec
497 828 548 843 verba
562 832 613 848 quarn
624 827 663 847 apta

73 852 94 868 ad
105 857 161 868 rerum
172 853 293 869 condicionem!

115 877 149 893 Nec
160 883 193 894 non
205 883 229 898 ea,
241 884 284 899 quae
296 878 360 894 disserit
368 879 448 895 Minucius
460 879 499 899 Cap.
511 879 553 898 XIV,
561 879 571 895 6
582 878 599 894 in
610 878 663 899 philo-
677 877 679 879 ¹

72 903 134 923 sophos
150 904 262 924 fallaciloquos
279 904 323 920 dictu
338 909 373 920 esse
389 904 472 920 videntur:
490 904 548 925 „igitur
563 904 610 920 nohis
625 909 664 924 pro-

73 929 163 945 videndum
175 930 207 948 est,
222 935 242 946 ne
253 930 291 946 odio
303 930 358 946 itidem
370 935 465 946 sermonum
476 930 550 945 omnium
561 930 663 947 lahoremusc

73 954 96 970 ita
104 955 123 970 ut
131 954 147 970 in
155 955 275 971 execrationem
286 956 302 971 et
310 955 365 971 odium
377 955 462 971 hominum
473 955 547 975 plerique
557 955 663 975 simpliciores

73 980 170 999 efferantur,
186 986 224 996 num
236 981 301 997 incaute
316 981 376 996 creduli
391 981 541 997 circumveniuntur
555 981 576 997 ab
591 981 610 996 iis
622 985 663 1001 quos

72 1005 126 1021 bonos
137 1006 242 1026 putaverunt,
254 1011 291 1022 mox
303 1011 357 1022 errore
365 1006 444 1022 consimili
456 1006 488 1022 iam
500 1006 580 1027 suspectis
587 1006 663 1022 omnibus

74 1033 93 1047 ut
104 1032 189 1052 improbos
200 1034 276 1049 metuunt
287 1033 336 1049 etiam
348 1038 389 1053 quos
403 1033 474 1053 optimos
489 1033 549 1048 sentire
559 1032 662 1052 potuerunt.“

73 1057 118 1073 Haec
133 1058 184 1074 verba
199 1063 266 1078 prorsus
280 1058 367 1074 convenire
384 1058 400 1074 in
415 1058 488 1074 Murcum
500 1058 585 1074 Aurelium
596 1057 663 1077 eiusque

73 1083 140 1099 fallaces
153 1084 263 1103 consiliarios,
278 1084 381 1100 Crescentem
397 1084 413 1099 et
427 1083 513 1102 Proteum,
530 1084 603 1104 apparet.
629 1083 663 1099 Hos

74 1108 141 1128 quidem
156 1108 259 1129 imperatoris
274 1109 387 1125 humanissimi
401 1109 457 1125 odium
474 1109 490 1125 in
506 1109 604 1125 christianos
618 1108 664 1124 falsis
