3256 5098
865 333 907 396 46

299 530 498 594 Dombartus
521 526 670 608 exempla
692 527 775 610 Aug.
800 529 841 593 de
864 530 923 594 civ.
946 529 984 592 D.
1008 528 1042 592 C.
1066 529 1103 591 5:
1140 525 1253 605 „Quae
1276 528 1353 590 sunt
1377 521 1483 586 sacri-

299 632 392 712 legia,
415 632 442 694 si
464 630 519 694 illa
541 634 617 692 sunt
639 633 752 694 sacra“
776 631 898 694 ibidem
922 632 972 708 bl,
996 632 1037 694 27
1061 630 1138 711 „qui
1161 627 1297 710 porrigit
1320 629 1483 691 eleemos-

300 753 399 815 gnam
421 731 607 803 christiano,
631 752 697 795 non
720 733 896 796 christiano
919 733 1064 814 porrigit,
1089 731 1145 812 qui
1168 750 1235 794 non
1258 731 1291 793 in
1313 751 1352 794 eo
1375 729 1483 809 diligit

300 833 495 898 Christum‘.
518 832 589 896 Hoc
611 833 743 914 quidem
766 835 837 897 loco
861 834 1034 898 defendere
1057 834 1117 898 sibi
1136 834 1265 896 videtur
1277 832 1482 895 Dombartus

299 936 495 999 sententiam
524 935 695 999 relativam
730 936 806 1017 „qui
834 936 896 999 hoc
929 936 1028 1000 modo
1059 936 1188 1017 placat“
1219 954 1278 1014 pro
1316 933 1482 996 sententia

290 1038 513 1101 'condicionali
537 1039 584 1114 „si
607 1038 679 1119 quis
702 1039 764 1102 hoc
786 1038 885 1102 modo
909 1039 1047 1119 placat“.
1085 1038 1151 1102 Sed
1173 1035 1324 1118 quamvis
1347 1034 1481 1098 laudem

301 1159 435 1220 operam
458 1139 542 1202 illius
565 1140 706 1202 hominis
730 1140 817 1203 docti
838 1142 987 1222 probam,
1011 1145 1122 1204 tamen
1146 1143 1182 1202 ut
1205 1137 1386 1202 sententiae
1409 1137 1482 1200 eius

301 1243 470 1318 assentiar,
504 1262 571 1306 non
604 1243 765 1306 adducor:
813 1243 920 1307 Verba
953 1242 1040 1334 enim
1074 1242 1219 1316 Minucii,
1262 1240 1288 1302 si
1320 1241 1401 1303 haec
1432 1241 1481 1302 eis

301 1345 449 1408 subesset
472 1345 643 1422 sententia,
667 1329 762 1407 nimis
785 1348 935 1408 tortuosa
957 1345 1036 1407 mihi
1059 1344 1255 1408 viderentur.

385 1446 522 1510 Prorsus
551 1467 586 1510 se
608 1447 798 1526 profligasse
826 1446 911 1509 hanc
939 1446 1102 1510 difficilem
1125 1448 1350 1528 quaestionem
1378 1448 1480 1510 Dom-

288 1549 414 1611 sbartus
456 1549 677 1623 existimabat,
718 1568 792 1610 cum
834 1549 923 1628 apud
956 1549 1131 1626 Senecam,
1172 1551 1262 1613 cuius
1305 1571 1344 1613 ex
1389 1550 1480 1613 libris

300 1650 460 1713 Minucius
474 1650 579 1713 multa
595 1650 806 1730 deprompsit,
826 1651 933 1714 locum
952 1652 1118 1732 quendam
1131 1652 1276 1716 eiusdem
1297 1653 1480 1716 sententiae

300 1753 491 1816 invenisset:
516 1753 591 1829 „ubi
614 1751 714 1815 iratos
731 1753 809 1816 deos
824 1753 950 1828 timent,
974 1754 1029 1834 qui
1044 1754 1089 1816 sic
1106 1754 1264 1836 propitios
1280 1757 1479 1818 merentur“.

301 1854 367 1918 Sed
402 1874 444 1917 ne
479 1854 524 1916 sic
556 1853 686 1934 quidem
723 1854 883 1918 assentiar
914 1855 1114 1931 Dombart03
1148 1876 1225 1919 nam
1259 1857 1312 1920 hic
1347 1877 1480 1939 quoque

300 1957 390 2020 locus
424 1956 621 2020 sententiam
653 1956 871 2020 desideratam
913 1958 1007 2038 quasi
1038 1959 1123 2021 ultro
1162 1959 1360 2040 suppeditat,
1404 1979 1479 2022 cunr

300 2059 408 2122 verbis
431 2058 562 2121 Minucii
585 2058 744 2122 violenter
764 2059 988 2140 extorquenda
1011 2061 1061 2122 sit.
1094 2061 1266 2125 Dombarti
1288 2061 1386 2141 igitur
1409 2061 1486 2142 opi-,

276 2227 277 2233 ,
300 2161 433 2223 nionem
464 2164 501 2222 ut
523 2161 673 2241 reprobo,
705 2161 751 2224 ita
774 2151 872 2225 laudo
896 2161 965 2224 eius
989 2161 1133 2242 argutias
1156 2163 1421 2244 probitatemque
1443 2164 1477 2225 in

301 2263 513 2342 scriptoribus
536 2263 797 2345 interpretandis

386 2365 535 2427 Halmius
558 2365 674 2428 deinde
698 2369 774 2428 ante
797 2366 937 2442 „violat“
961 2367 1067 2442 „non“
1092 2365 1237 2429 inserens
1253 2365 1297 2428 sic
1320 2367 1479 2446 interpre-

301 2469 405 2530 tatur:
440 2467 522 2544 „wie
545 2467 679 2530 verletzt
702 2467 865 2548 derjenige
889 2468 966 2531 Gott
988 2467 1087 2543 nicht,
1121 2467 1179 2530 der
1204 2467 1261 2530 ihn
1283 2489 1320 2531 so
1344 2489 1383 2531 zu
1407 2489 1479 2531 ver-

301 2569 428 2631 sohnen
450 2569 545 2631 sucht
555 2571 583 2632 !“
605 2589 711 2650 neque
734 2569 814 2633 hacc
838 2570 1022 2633 emendatio
1046 2569 1125 2631 mihi
1140 2570 1257 2649 placet,
1281 2589 1355 2632 curn
1378 2571 1478 2632 verba

302 2669 421 2733 codicis
445 2671 514 2733 sine
530 2671 597 2734 ulla
612 2670 794 2734 mutatione
810 2670 982 2735 defendere
998 2675 1030 2734 et
1042 2671 1249 2751 interpretari
1261 2671 1341 2733 mihi
1357 2671 1477 2734 videar.

302 2771 345 2833 Ut
359 2771 445 2833 enim
463 2775 602 2852 ‚‚quam“
618 2793 678 2853 pro
699 2773 905 2852 „quomodo“
931 2793 951 2835 a
972 2773 1114 2836 Minucio
1138 2773 1280 2853 ponitur,
1310 2773 1357 2835 ita
1380 2772 1475 2836 etiam

304 2874 512 2956 „quomodo“
547 2895 607 2956 pro
632 2877 896 2956 „quantopere“;
931 2880 1108 2956 utrumque
1141 2895 1158 2938 e
1193 2894 1343 2938 sermone
1378 2874 1478 2938 eccle-

303 2977 416 3041 siatioo
434 2976 619 3040 deductum.
665 2979 717 3041 Sic
741 2978 838 3058 igitur
857 2979 947 3041 illurn
963 2979 1069 3042 locum
1087 2979 1296 3059 interpretor:
1320 2977 1383 3040 wie
1399 2977 1428 3038 d.
1445 2977 1475 3038 h.

302 3079 365 3141 wie
388 3078 463 3142 sehr
485 3079 619 3141 verletzt
642 3079 726 3142 doch
749 3080 806 3143 der
830 3080 916 3156 Gott,
939 3080 997 3143 der
1018 3080 1074 3142 ihn
1097 3080 1156 3143 aui
1175 3080 1284 3142 solclre
1306 3078 1415 3142 Weise
1438 3098 1476 3140 zu

303 3180 486 3244 versdhnen
510 3179 604 3242 sucht
614 3183 641 3242 !“

345 3279 399 3342 cfr.
423 3281 476 3345 lib.
501 3282 578 3364 Sap.
602 3283 639 3358 V,
663 3286 691 3346 5.
725 3302 819 3359 „ecce
842 3283 1054 3364 quomodo
1086 3282 1265 3364 computati
1296 3286 1373 3346 sunt
1395 3283 1477 3346 inter

386 3381 469 3445 filios
491 3383 549 3447 Dei
559 3387 586 3447 !“
625 3384 747 3460 „schau
775 3386 837 3448 wie
868 3385 941 3448 sind
970 3386 1017 3448 sie
1046 3385 1129 3446 doch
1160 3389 1256 3447 unter
1282 3384 1334 3447 die
1356 3384 1477 3448 Kinder

388 3484 500 3547 Gottes
523 3486 650 3565 gezahlt
671 3486 842 3549 mordent*

344 3585 396 3646 Ps.
422 3587 644 3666 „quomodo
667 3587 744 3650 facti
767 3589 898 3650 suntin
921 3588 1156 3651 desolationem
1168 3590 1195 3650 !“

730 3840 788 3906 lv.
814 3842 1052 3924 Comparatio.

386 4010 422 4072 ln
446 4009 680 4091 adjectivorum
703 4013 949 4093 comparatione
971 4015 1075 4078 multa
1092 4018 1254 4096 apparent
1268 4013 1356 4094 apud
1371 4013 1475 4075 Minu-

301 4111 387 4176 cium
420 4112 597 4176 Africitatis
632 4134 717 4194 quae
748 4115 865 4177 dicitur
900 4117 1045 4197 vestigia.
1099 4117 1139 4178 Et
1170 4116 1313 4197 primum
1344 4114 1474 4196 quidem

300 4214 459 4277 memoria
482 4215 579 4295 digna
596 4216 714 4296 duplex
731 4218 933 4297 comparatio
959 4220 1011 4295 19,
1035 4220 1054 4280 2
1081 4217 1310 4299 „proximius“,
1352 4217 1474 4280 Deinde

301 4317 501 4398 superlativa
523 4317 686 4398 quaedam
711 4321 742 4380 et
768 4321 992 4400 comparativa
1015 4319 1192 4402 improprie
1214 4324 1374 4400 usurpata
1391 4318 1474 4382 Airi-

301 4439 419 4483 canum
450 4423 590 4500 arguunt
613 4420 764 4485 colorem.
