3256 5098
881 352 922 415 52

313 545 461 627 partibus
484 546 588 628 magis
618 549 767 610 secutum
796 567 867 611 esse
890 546 1081 611 Ciceronem
1108 545 1244 628 ejusque
1268 545 1412 611 colorem
1440 567 1497 610 re-

312 647 457 725 tinuisse,
481 648 528 712 ita
543 647 583 732 iu
606 648 676 711 aliis
699 649 847 729 partibus
868 649 973 729 magis
999 649 1170 713 admisisse
1195 667 1381 713 sermonem
1412 649 1498 716 coti-

313 748 449 813 dianum
471 770 578 834 neque
599 769 707 832 pauca
729 751 971 833 deprompsisse
995 771 1012 816 e
1034 769 1185 816 sermone
1208 751 1437 816 ecclesiastico.

634 1109 1167 1204 Additamentum.

553 1315 743 1384 Minuciam
765 1315 943 1384 sermonis
965 1317 1076 1384 verba
1097 1314 1251 1400 poetica.

400 1472 551 1536 Poeticae
588 1470 779 1535 elocutionis
814 1470 935 1534 'miram
977 1470 1146 1553 quandam
1183 1469 1313 1553 copiam
1359 1471 1499 1552 praebet

287 1613 289 1620 ,
317 1574 449 1639 Minucii
472 1573 631 1655 dialogus,
661 1577 697 1636 ut
727 1572 838 1636 multis
869 1573 948 1636 locis
969 1572 1060 1654 loqui
1087 1575 1220 1655 poetam
1243 1573 1428 1654 suspicatus
1451 1574 1497 1638 sis

315 1679 417 1743 verba
448 1676 597 1741 versibus
630 1696 697 1740 non
731 1675 989 1742 concludentem.
1034 1674 1127 1739 Adeo
1158 1673 1319 1739 Minucius
1353 1676 1497 1741 colorem

317 1779 576 1862 amplectebatur
604 1777 779 1859 poeticum,
809 1781 846 1840 ut
875 1797 913 1841 ex
942 1773 1184 1840 omnibus'iere
1210 1781 1385 1859 poetarum
1406 1779 1498 1842 libris
1623 1811 1624 1830 Ι

189 1959 192 1966 ,
317 1882 440 1966 aliquid
462 1882 650 1962 decerperet
672 1883 704 1944 et
727 1881 760 1943 in
783 1899 879 1943 suum
901 1899 999 1943 usum
1021 1882 1234 1944 converteret.
1257 1881 1298 1944 Et
1319 1880 1498 1962 plurimum

317 1985 450 2068 quidem
472 1981 633 2064 decerpsit
656 1981 696 2046 de
719 1981 850 2062 Vergilii
881 1981 1095 2057 carminibus;
1125 2001 1275 2046 necnon
1298 2002 1337 2046 ex
1358 1982 1497 2047 Horatio

321 2091 352 2152 et
368 2085 518 2150 Lucretio
540 2089 712 2166 tamquam
728 2084 873 2148 lontibus
894 2104 1015 2166 magna
1035 2084 1128 2148 fluxit
1150 2084 1180 2148 ei
1201 2085 1296 2166 copia
1311 2087 1498 2163 verborum,

317 2192 364 2255 ita
393 2193 429 2254 ut
459 2209 566 2256 sermo
595 2189 800 2253 Minucianus
828 2187 926 2251 variis
963 2188 1127 2252 coloribus
1162 2188 1334 2253 distinctus
1368 2207 1499 2250 summa

321 2294 436 2358 affluat
473 2292 635 2356 suavitate
665 2292 798 2355 auribus
831 2291 1034 2356 audientium
1068 2293 1099 2355 et
1128 2291 1293 2374 singulare
1328 2290 1497 2373 quoddam

322 2395 450 2459 dicendi
473 2413 575 2476 genus
599 2397 767 2475 appareat.
790 2392 866 2456 Non
889 2396 938 2456 est
960 2396 1071 2457 autem
1086 2411 1207 2470 meum,
1231 2393 1343 2457 omnia
1365 2411 1499 2456 enume-

318 2517 392 2562 rare
413 2496 545 2560 Minucii
573 2497 735 2561 elementa
763 2495 907 2576 poetica,
937 2494 995 2558 sed
1026 2494 1104 2558 locis
1133 2495 1331 2576 quibusdam
1363 2495 1499 2559 demon·

318 2602 432 2675 strare,
462 2599 495 2661 in
520 2602 681 2681 quantum
706 2597 826 2662 rationi
855 2616 935 2660 suae
964 2596 1081 2660 aetatis
1103 2596 1252 2677 poeticae
1274 2596 1445 2660 indulserit
1467 2600 1499 2659 et

319 2702 480 2782 quantum
502 2701 621 2783 poetici
651 2699 769 2764 coloris
799 2698 866 2762 suis
889 2698 1062 2762 intexuerit
1085 2699 1202 2763 verbis
1239 2699 1293 2762 Ad
1315 2699 1406 2782 quod
1427 2698 1499 2763 illu-

320 2802 492 2866 strandum
519 2803 607 2866 hunc
630 2801 730 2866 affero
754 2801 861 2864 locum
885 2820 923 2863 ex
945 2819 1037 2863 mera
1064 2800 1131 2864 fere
1158 2801 1342 2865 elocutione
1370 2801 1499 2883 poetica

322 2903 541 2984 compositum
564 2903 615 2977 ΙΙΙ,
640 2905 668 2966 3.
715 2903 782 2980 „lbi
803 2903 945 2966 harenas
967 2901 1114 2978 extimas²
1137 2903 1226 2967 velut
1248 2906 1408 2967 sterneret
1430 2923 1498 2966 am-

318 3007 455 3072 bulacro
479 3007 678 3089 perfundens
709 3007 789 3072 lenis
812 3005 903 3069 unda
928 3005 1085 3069 tendebat
1115 3009 1147 3070 et
1180 3009 1217 3069 ut
1247 3024 1377 3086 semper
1406 3023 1498 3069 mare
1622 3033 1623 3084 q

321 3110 419 3175 etiam
445 3109 560 3192 positis
591 3111 722 3173 flatibus
751 3110 934 3190 inquietum
958 3112 1022 3187 est,
1063 3109 1122 3173 esti
1153 3130 1221 3174 uon
1249 3109 1347 3173 canis>
1365 3127 1498 3189 spumo-

321 3213 431 3295 sisque
452 3212 603 3276 fluctibus
627 3210 735 3274 exibat
764 3210 807 3274 ad
835 3214 967 3289 terram,
997 3215 1109 3275 tamen
1136 3212 1249 3294 crispis
1277 3209 1498 3289 tortuosisque

322 3315 442 3380 ibidem
465 3313 629 3376 erroribus
640 3311 791 3376 delectati
805 3332 966 3395 perquam
982 3333 1105 3390 sumus,
1121 3334 1196 3377 cum
1212 3312 1331 3394 inipso
1347 3310 1496 3392 aequoris

321 3417 432 3481 limine
465 3415 596 3496 plantas
625 3415 839 3494 tingeremus,
874 3415 964 3494 quod
996 3414 1138 3477 vicissim
1171 3433 1258 3477 nunc
1292 3413 1334 3478 ad
1366 3412 1496 3495 pulsum

322 3519 441 3582 nostris
472 3517 611 3598 pedibus
640 3516 810 3579 adluderet
839 3516 958 3580 fluctus
987 3537 1075 3580 nunc
1109 3516 1259 3580 relabens
1291 3516 1334 3580 ad
1362 3515 1496 3596 vestigia

323 3621 492 3685 retrahens
515 3621 548 3682 in
571 3639 642 3682 sese
665 3620 855 3683 resorberet.
877 3619 1005 3683 Sensim
1028 3619 1139 3700 itaque
1160 3617 1401 3700 tranquilleque
1422 3636 1496 3698 pro-

324 3725 424 3807 gressi
447 3744 540 3787 oram
563 3721 652 3784 curvi
668 3721 808 3784 molliter
823 3721 925 3784 litoris
944 3721 1062 3784 fabulis
1077 3720 1263 3785 fallentibus
1279 3720 1495 3800 legebamus“.

320 3883 323 3903 ἵ
366 3823 629 3890 EnHorationa.
644 3826 705 3886 sat.
722 3822 759 3899 il,
792 3823 829 3885 u
852 3859 891 3867 -
924 3842 1002 3899 „seu
1024 3822 1091 3904 pila
1112 3823 1207 3886 velox
1228 3822 1368 3886 molliter
1391 3824 1497 3886 auste-

408 3948 482 3991 rum
505 3926 612 3990 studio
635 3924 768 3988 fallente
790 3925 956 3988 laborem“

368 4029 448 4108 „esti
470 4048 538 4092 non
560 4028 650 4092 canis
673 4027 902 4108 spumosisque
924 4026 1077 4090 fluctibus
1100 4025 1208 4089 exibat
1231 4025 1274 4089 ad
1295 4026 1437 4089 terram“

368 4132 422 4196 cfr.
446 4132 567 4194 Luerez
598 4129 652 4192 lib.
686 4128 722 4207 ll,
758 4128 915 4206 „vertitur
950 4128 984 4190 in
1018 4147 1119 4192 canos
1153 4127 1306 4191 candenti
1336 4146 1498 4191 marmore

409 4235 546 4297 fluctus“

368 4337 480 4400 Senec
499 4335 634 4415 Agamt
659 4332 902 4414 „dirimuntque
917 4352 1019 4397 canae
1042 4331 1209 4396 caerulum
1231 4350 1369 4412 spumae
1390 4333 1497 4394 mare“
1621 4369 1622 4374 κ

369 4437 492 4501 Catull:
517 4439 674 4516 „totaque
697 4433 838 4514 remigiis
861 4435 986 4516 spumis
1008 4432 1154 4498 incanuit
1177 4433 1286 4497 unda“
