3256 5098
721 385 760 447 31

144 582 197 646 vel
227 584 265 644 ut
293 581 327 644 in
349 576 563 659 usurpatione
585 580 737 642 vocabuli
771 581 922 663 „itaque“
956 581 1099 644 secundo
1123 581 1194 645 loco
1223 580 1330 661 positi.

146 684 300 761 Accedit,
330 686 367 745 nt
395 680 558 745 adverbiis
586 683 762 763 praecipue
793 684 952 748 eiusmodi
975 683 1220 765 conjunctiones
1244 684 1333 765 apud

82 769 85 774 ¹
146 787 327 850 Minucium
351 784 580 865 adjungantur.
604 785 660 849 cfr.
683 786 768 850 infra
791 786 999 874 „adverbia“.

233 887 319 951 Tum
340 888 542 969 praepositio
566 891 683 969 ,‚erga“
707 890 831 953 malam
851 890 959 954 attulit
980 889 1040 952 illis
1062 888 1178 952 criticis
1202 909 1329 953 crucem

147 992 271 1074 quippe
299 989 526 1071 ignorantibus
558 994 676 1072 „erga“
706 1013 724 1056 e
756 1009 907 1056 sermone
941 987 1159 1054 ecclesiastico
1196 991 1331 1055 ductum

147 1114 220 1157 esse
244 1092 396 1172 idemque
412 1092 521 1156 valere
540 1093 629 1174 quod
645 1093 733 1156 valet
756 1093 847 1170 „de“,
871 1091 926 1154 111.
950 1091 1037 1154 Tert.
1059 1092 1180 1172 apoll
1204 1094 1331 1174 „agitur

147 1216 227 1278 erga
249 1198 330 1259 nos“
353 1195 452 1259 Marc.
475 1194 527 1274 IV,
551 1194 591 1257 35
623 1214 721 1276 „erga
749 1195 873 1275 species
901 1193 1003 1274 ipsius
1032 1193 1121 1257 vitii‘
1148 1213 1208 1276 pro
1237 1215 1331 1276 „spe-

148 1300 282 1364 ciebus“
307 1317 362 1361 111.
385 1301 557 1378 praeterea
579 1296 612 1360 in
634 1296 745 1377 lingua
769 1296 894 1359 Graeca
923 1296 1027 1379 „apris
1048 1296 1121 1369 τούς
1144 1299 1264 1372 aeonr‘
1297 1299 1331 1361 in

145 1402 259 1482 Bezug
281 1399 340 1464 auf
359 1400 410 1463 die
434 1399 556 1462 Gdtter.
601 1397 715 1480 ltaque
743 1398 806 1461 hoc
829 1397 928 1460 modo
952 1396 1164 1477 interpretor:
1199 1399 1331 1476 „Aehn-

147 1504 214 1567 lich
236 1503 383 1567 liirwahr
406 1501 560 1582 glaubten
583 1501 629 1564 sie
653 1501 738 1564 auch
758 1521 823 1564 von
846 1501 909 1564 den
933 1499 1100 1564 Gottern“.

235 1605 309 1668 Non
332 1582 614 1685 supervacaneum
637 1603 695 1679 sit,
718 1602 948 1684 Synnerbergii
969 1621 1110 1683 quoque,
1141 1604 1197 1685 qui
1220 1624 1331 1668 recen-

146 1708 273 1772 tissime
302 1705 569 1784 „observationes
593 1704 722 1768 criticae
745 1704 778 1767 in
800 1704 997 1767 Minucium“
1027 1703 1142 1783 edidit,
1176 1707 1331 1771 emenda-

146 1811 273 1875 tionem
296 1811 330 1873 in
352 1809 440 1871 hunc
462 1807 571 1871 locum
595 1806 720 1870 afferre.
765 1806 821 1870 Ille
840 1807 936 1887 igitur
956 1806 1055 1871 horno
1074 1808 1204 1871 criticus
1225 1811 1332 1872 mutat

148 1934 210 1990 „ac
232 1915 331 1976 vero“
360 1913 394 1974 in
417 1913 549 1988 „autem
578 1911 704 1972 erant“.
749 1909 846 1986 Quod
875 1909 1041 1990 quomodo
1074 1909 1144 1973 fieri
1178 1912 1330 1992 potuerit,

147 2036 217 2079 non
247 2015 400 2095 intellige.
444 2014 565 2076 Forma
594 2012 680 2075 enim
708 2011 794 2074 hanc
825 2011 1089 2074 emendationem
1120 2032 1331 2094 nequaquam

147 2117 279 2181 delendi
301 2135 418 2199 posse,
450 2119 574 2178 certum
598 2118 662 2190 est,
693 2113 751 2176 sed
779 2133 877 2176 nere
901 2113 1032 2194 quidem
1055 2115 1188 2193 probari
1210 2119 1330 2179 statue.

147 2219 236 2283 Nam
259 2220 348 2300 quod
371 2216 631 2298 Synnerbergius
654 2215 811 2279 hocloco
834 2215 989 2278 vitiosum
1011 2218 1121 2296 putat,
1152 2216 1218 2280 scil.
1242 2237 1331 2295 „cre-

149 2322 218 2384 duli
241 2322 479 2400 crediderunt“,
502 2324 536 2386 id
559 2325 666 2405 ipsum
685 2324 863 2386 Minuciani
885 2324 1044 2388 sermonis
1066 2325 1214 2390 existimo
1235 2347 1331 2408 prae-

149 2425 244 2504 cipue
263 2425 442 2505 proprium.
488 2425 550 2488 Per
567 2425 709 2502 „creduli
730 2426 957 2488 crediderunt‘
977 2426 1201 2490 credulitatem
1221 2427 1332 2490 claris-

149 2526 234 2590 sima
256 2528 327 2589 luce
349 2527 519 2604 illustrari,
543 2528 615 2609 quis
639 2549 706 2590 non
728 2528 839 2592 videt?
884 2529 969 2591 Turn
992 2549 1101 2592 nonne
1125 2533 1174 2592 est
1195 2529 1331 2592 rationis

150 2627 333 2691 rhetoricae
347 2629 449 2692 verba
471 2633 688 2709 exaggerare?
712 2628 781 2692 Has
804 2630 900 2710 igitur
919 2630 1136 2711 proprietates
1156 2631 1332 2694 Minuciani

151 2731 310 2793 sermonis
333 2731 520 2811 ignorantes
545 2732 577 2793 et
593 2730 853 2811 Synnerbergius
876 2735 908 2794 et
931 2732 985 2795 alii
1003 2731 1104 2793 critici
1123 2732 1233 2794 multis
1253 2733 1331 2796 locis

150 2835 276 2895 textum
315 2833 434 2895 codicis
469 2837 659 2913 corruptum
697 2853 768 2896 esse
803 2833 927 2914 opinati
958 2834 1010 2898 vel
1043 2854 1217 2916 perperam
1256 2855 1332 2898 eum

151 2932 452 3013 interpretabantur
474 2935 524 2997 vel
548 2954 649 3014 prave
672 2935 901 2998 emendabant.

384 3103 414 3186 1)
450 3104 784 3185 Conjunctiones
807 3104 1098 3186 disjunctivae.

237 3241 371 3318 „Amr
400 3261 498 3322 saepe
522 3241 696 3306 adhibetur
724 3263 744 3305 a
765 3241 905 3305 Minucio
934 3262 1000 3304 non
1028 3242 1069 3304 ad
1092 3242 1330 3305 contrarias

151 3343 311 3418 notiones,
335 3343 392 3406 sed
415 3344 554 3407 varias
577 3344 822 3425 conjungendas
845 3344 1018 3425 differtque
1039 3344 1100 3406 hac
1120 3364 1155 3406 re
1171 3343 1330 3406 Minucius

152 3465 171 3508 a
194 3445 365 3522 Cicerone,
394 3445 451 3525 qui
480 3465 538 3525 per
570 3449 666 3521 „aut‘
696 3446 847 3508 notiones
876 3453 943 3508 non'
966 3446 1028 3508 nisi
1050 3446 1230 3509 contrarias
1253 3466 1331 3509 con-

149 3547 286 3628 jungere
315 3547 406 3610 solet.
452 3547 536 3611 Sunt
559 3548 690 3629 quidem
715 3549 803 3628 apud
825 3549 912 3610 hunc
935 3568 1066 3629 quoque
1087 3548 1235 3611 nonnulli
1259 3549 1330 3625 loci,

152 3649 271 3729 quibus
295 3651 392 3724 „aut“
416 3648 563 3711 similiter
584 3653 771 3730 usurpatur.

236 3750 299 3813 Cfr.
329 3750 447 3813 Minue.
471 3752 571 3827 20ss
606 3771 844 3832 „unaquaeque
878 3751 967 3813 natio
999 3751 1201 3814 conditorem
1235 3773 1331 3815 suum

152 3854 222 3915 aut
257 3852 373 3915 ducem
410 3853 567 3933 inclytum
600 3857 670 3916 aut
705 3854 852 3934 reginam
886 3854 1039 3934 pudicam
1068 3874 1147 3917 sexu
1177 3875 1236 3919 suo
1265 3855 1331 3918 for-

151 3955 283 4030 tiorem,
315 3959 383 4017 aut
413 3954 547 4017 alicuius
576 3956 720 4018 muneris
751 3956 802 4019 vel
832 3956 910 4019 artis
933 3959 1133 4036 repertorem
1162 3959 1198 4018 ut
1228 3956 1332 4018 civem

151 4056 259 4119 bonae
282 4057 490 4120 memoriae“.

237 4158 464 4222 Libentissime
482 4180 560 4222 vero
576 4160 735 4224 Minucius
753 4163 850 4237 „aut‘
870 4161 1003 4223 adhibet
1021 4161 1062 4223 ad
1079 4161 1161 4223 duas
1181 4161 1331 4223 notiones

152 4260 236 4322 inter
259 4280 293 4322 se
320 4260 473 4341 aequales
496 4261 657 4325 rhetorice
679 4262 935 4342 distinguendas
959 4282 1024 4343 quo
1047 4262 1080 4324 in
1103 4282 1220 4342 genere
1243 4261 1331 4325 color

152 4364 333 4427 rhetoricus
356 4365 531 4445 praecipue
556 4366 660 4428 elucet
682 4365 737 4428 cfr.
754 4366 784 4442 4,
808 4367 827 4427 6
852 4384 946 4440 „cum
970 4363 1112 4426 amicitia
1133 4383 1230 4444 pares
1247 4384 1332 4426 sem-

152 4485 211 4546 per
234 4469 290 4529 aut
313 4467 451 4547 accipiat
475 4472 531 4531 aut
553 4467 671 4532 faciat*
