3290 5102
715 378 751 440 19

631 461 841 477 u—l--Q

144 572 382 636 contrariarum
407 573 594 654 asyndetice
624 576 848 636 conserantur.
893 571 993 654 Cujus
1015 572 1141 636 formae
1166 572 1247 636 haec
1270 592 1325 636 ex-

86 704 88 710 ·
144 677 233 737 stant
256 674 423 754 exempla:

190 776 237 851 16,
262 777 281 837 5
304 774 473 839 illiteratos
495 796 658 857 pauperes
681 777 849 858 imperitos

190 877 238 953 10,
262 877 280 939 3
304 877 385 941 deus
407 879 522 941 unicus
545 879 711 942 solitarius
735 879 909 943 destitutus
1041 955 1043 962 Ι

185 979 236 1054 35,
260 978 279 1042 i
303 981 529 1043 confluxerant
550 981 668 1062 perditi
688 981 863 1047 facinorosi
878 983 992 1046 incesti
1009 981 1114 1045 sicarii
1129 981 1322 1062 proditores.

228 1082 289 1144 Hic
311 1085 480 1162 ponuntur
503 1083 648 1165 quinque
672 1085 822 1147 membra
844 1085 890 1148 ita
911 1087 1039 1159 tamen,
1071 1086 1107 1145 ut
1128 1083 1193 1146 tria
1213 1084 1325 1164 priora

143 1185 209 1248 sint
224 1185 385 1248 adiectiva
408 1185 507 1248 etsie
530 1185 582 1249 lex
605 1186 802 1250 trimembris
827 1187 889 1250 hoc
913 1206 1045 1267 quoque
1060 1186 1131 1250 loco
1147 1187 1324 1267 perluceat.

230 1285 444 1350 Ciceroniana
472 1287 577 1369 figura
605 1289 744 1351 occurrit
767 1289 817 1365 33,
842 1289 860 1352 3
888 1289 1023 1364 „modici
1044 1289 1181 1365 multoS,
1210 1289 1325 1352 inermi

145 1394 290 1453 armatos
311 1390 390 1452 dum
413 1389 542 1471 fugiunt
563 1391 804 1472 insequentes“.

227 1491 313 1555 Loco
341 1493 387 1569 le,
406 1494 433 1569 7,
458 1493 514 1574 qui
534 1493 635 1556 habet
654 1497 811 1574 quattuor
832 1493 990 1569 membra,
1013 1494 1079 1556 duo
1095 1492 1325 1574 pariaiiisdem

143 1595 277 1676 syllabis
300 1595 393 1658 finita
416 1595 571 1676 distingui
595 1600 749 1676 possunt:
784 1597 880 1671 „satis
903 1599 967 1671 est,
995 1615 1055 1676 pro
1078 1594 1216 1676 pedibus
1239 1597 1326 1677 aspi-

143 1717 216 1760 cere
244 1697 386 1760 maxime
415 1697 567 1760 indoctis
597 1697 768 1777 impolitis
797 1695 938 1760 rudibus
966 1696 1181 1778 agrestibus.“
1229 1699 1324 1762 Falso

143 1801 241 1880 igitur
276 1803 414 1862 conatur
449 1798 668 1862 Baehrensius
712 1799 891 1872 ,11111111111“4
922 1801 1094 1880 tamquam
1128 1798 1324 1863 adjectivum

143 1901 422 1981 interpretationis
445 1900 625 1976 excludere,
650 1920 725 1963 cum
748 1900 793 1963 sic
816 1900 921 1982 figura
942 1900 1105 1964 rhetorica
1127 1900 1324 1967 destruatur.

186 2002 793 2080 911.3111139019.1191111.3.8,35
1421 1999 1423 2003 ’

276 2105 385 2180 „male
407 2124 515 2184 prave
538 2103 700 2186 nequiter
724 2103 884 2186 turpiter.

230 2210 265 2272 ln
288 2210 477 2272 universum
502 2209 634 2290 quidem
658 2208 844 2272 aestimanti
870 2209 932 2273 hoc
952 2214 1082 2274 constat
1104 2211 1326 2277 Minucianum

144 2311 328 2391 asyndeton
371 2305 475 2390 magis
522 2331 593 2373 esse
631 2310 882 2389 cumulativum‚
932 2312 1179 2376 Ciceronianam
1222 2309 1325 2396 magis

143 2412 415 2475 enumerativum.
476 2411 635 2474 Minucius
670 2412 757 2474 enim
796 2418 970 2494 exaggerat
1002 2416 1104 2477 verba
1141 2435 1325 2498 synonyma

143 2513 317 2594 differtque
339 2514 401 2576 hac
424 2533 458 2577 re
482 2535 502 2576 a
525 2513 689 2577 Cicerone.

187 2616 241 2678 cir.
271 2616 440 2679 illiteratos
463 2614 631 2695 imperitos

270 2718 386 2780 unicus
409 2719 573 2781 solitarius
596 2717 770 2782 destitutus

270 2820 410 2884 indoctis
431 2819 586 2900 impolitis
609 2819 745 2882 rudibus
769 2822 961 2902 agrestibus.

229 2922 303 2985 Non
332 2921 393 2984 nisi
428 2941 503 2984 raro
540 2925 651 2984 autern
684 2926 823 3003 usurpat
850 2923 1010 2988 Minucius
1041 2927 1223 3008 asyndeton
1253 2927 1323 2990 ad-

141 3024 351 3100 191111319,
376 3027 412 3086 ut
435 3043 502 3086 non
524 3024 619 3103 plura
641 3043 743 3103 quam
765 3024 830 3088 duo
855 3027 1003 3108 exempla
1025 3029 1248 3092 inveniantur:
1322 3107 1327 3119 .

190 3129 238 3204 19,
262 3128 281 3189 3
309 3147 435 3202 „nonne
459 3127 603 3207 apertius
623 3127 803 3206 proximius
825 3130 933 3193 verius
958 3130 1019 3192 ait“

187 3231 238 3306 33,
261 3231 281 3292 3
308 3234 414 3304 „caste
437 3230 567 3294 innoxie
590 3229 844 3312 religioseque.“

229 3333 393 3396 Ciceronis
416 3351 519 3394 unum
543 3331 636 3394 affert
659 3331 802 3413 Draeger
825 3334 1026 3415 exemplum,
1056 3335 1188 3399 defin:
1213 3336 1324 3411 ’,111319
1381 3391 1382 3394 ,

92 3489 98 3504 .
142 3455 245 3516 prave
267 3435 417 3517 nequiter
439 3434 604 3515 turpiter.“
1132 3435 1133 3438 ’

230 3537 385 3601 Omnium
408 3537 548 3617 denique
570 3538 713 3600 maxime
737 3538 971 3619 asyndetorum
995 3539 1324 3620 amplectiturMinu-

143 3639 213 3702 cius
244 3640 431 3715 verbale,
475 3639 508 3701 in
542 3659 606 3721 quo
640 3641 728 3704 color
757 3641 938 3705 rhetoricus
969 3643 1144 3723 praecipue
1178 3649 1324 3725 apparet.

143 3740 244 3803 Cuius
273 3741 396 3822 figurae
432 3741 511 3803 satis
540 3740 600 3803 erit
627 3761 666 3804 ea
695 3742 810 3805 afferre
839 3743 997 3824 exempla,
1026 3765 1112 3825 quae
1140 3745 1190 3808 vel
1218 3746 1325 3810 forma

143 3843 456 3908 commemoratione
480 3843 579 3923 digna
602 3843 666 3906 sint
688 3844 739 3907 vel
768 3846 810 3907 ob
834 3847 1036 3926 corruptelas
1063 3848 1104 3911 ad
1126 3868 1238 3911 veram
1261 3849 1325 3913 lec·
1413 3840 1415 3842 ’

144 3944 270 4007 tionem
283 3945 544 4025 investigandam
559 3945 669 4008 studia
688 3947 976 4026 grammaticorum
993 3948 1219 4013 excitaverint
1235 3951 1326 4014 Haec

143 4047 242 4126 igitur
265 4050 341 4109 sunt
364 4047 513 4128 exempla
535 4049 758 4128 argutissima:

188 4150 238 4224 33,
265 4149 303 4211 13
327 4169 419 4212 9999
441 4149 588 4213 funditur
610 4150 788 4215 fabricatur
810 4153 967 4232 sculpitur

326 4271 418 4314 ecce
440 4251 631 4331 plumbatur
654 4254 852 4316 construitur
875 4254 1007 4335 erigitur
1070 4331 1075 4344 x

326 4371 417 4416 ecce
441 4356 578 4416 ornatur
599 4360 809 4418 consecratur
832 4360 953 4419 oratur.

230 4454 316 4518 Sane
338 4455 427 4517 baud
450 4455 631 4535 quidquam
652 4461 701 4520 est
723 4459 924 4539 exemplum,
948 4476 1013 4538 quo
1037 4457 1141 4537 magis
1165 4466 1323 4540 appareat

1117 4558 1153 4610 2*
