3256 5098
12 4651 180 4849 ῃ

890 346 931 408 al

802 439 1011 448 ....-—--—-—

364 569 389 612 c.
413 549 463 625 37,
484 548 587 612 ret3
615 567 715 622 „non
738 547 877 628 potest
900 562 1084 625 propagare
1100 543 1212 622 vitam,
1235 542 1358 625 potest
1379 548 1508 612 bones-

403 653 474 714 tare
502 649 666 726 militiam,
701 652 735 712 at
768 648 854 712 enim
878 695 885 708 .
909 695 916 708 .
941 695 948 709 .
971 645 1082 708 finitur
1114 646 1160 709 sic
1182 646 1378 712 christianus
1400 651 1507 714 miser

403 751 506 816 videri
527 750 657 832 potest,
682 770 765 813 non
787 750 928 830 potest
951 747 1087 810 inveniri
1111 796 1118 809 .
1143 797 1149 810 .
1175 797 1181 810 .

319 853 372 917 hic
389 854 486 936 igitur
503 854 668 917 chiasmus
688 872 748 934 per
765 851 875 933 plures
890 848 1043 931 periodos
1067 847 1181 912 efficax
1204 849 1326 914 existit:
1350 871 1391 915 en
1414 854 1503 917 ratio

319 956 481 1019 rhetorica
502 955 638 1019 nimiam
660 958 693 1018 et
715 952 973 1018 calamistratam
996 950 1152 1014 affectans
1175 952 1439 1017 concinnitatem.

362 1058 413 1134 32,
436 1058 455 1122 9
483 1058 686 1133 „tenebris
709 1054 884 1136 interest,
915 1052 1071 1116 interest
1103 1053 1355 1134 cogitationibus
1377 1057 1503 1119 nostris

363 1244 366 1249 Ι
404 1159 498 1240 quasi
521 1159 631 1223 alteris
653 1157 868 1222 tenebris“

403 1277 439 1340 ln
465 1278 655 1342 universum
686 1277 819 1358 quidem
848 1274 1035 1339 aestimanti
1065 1278 1157 1356 patet
1186 1276 1364 1340 Minucium
1395 1277 1429 1340 in
1459 1297 1500 1341 eo

319 1397 451 1461 quoque
474 1400 591 1462 genere
613 1383 650 1442 ut
672 1379 862 1443 Ciceronem
884 1377 1014 1454 imitari,
1037 1377 1082 1441 ita
1104 1378 1232 1441 ratione
1254 1379 1417 1443 rhetorica
1440 1379 1502 1444 ob·

319 1480 467 1544 strictum
490 1481 743 1545 concinnitatem
764 1480 1012 1544 Ciceronianam
1036 1479 1130 1561 quasi
1152 1480 1346 1544 calamistris
1368 1481 1501 1545 inurere

320 1583 547 1666 ampullasque
571 1583 732 1646 affectare.

402 1702 600 1783 Saepissime
638 1701 703 1765 duo
745 1701 839 1782 paria
875 1700 1048 1763 notionum
1083 1705 1309 1765 consertarum
1343 1702 1499 1766 clriastice

318 1808 495 1885 ponuntur.
540 1804 587 1868 Ex
611 1803 723 1867 multis
751 1802 907 1883 exemplis
939 1822 1046 1884 pauca
1074 1803 1210 1866 afferam
1240 1823 1344 1884 eaque
1373 1805 1501 1868 exalia

319 1925 451 1987 quoque
474 1925 575 1970 causa
597 1904 909 1969 commemoratione
932 1904 1040 1985 digna.

405 2026 560 2090 Omnium
582 2025 649 2089 fere
671 2025 819 2089 locorum
837 2024 979 2088 maxime
994 2024 1165 2106 hominum
1185 2024 1357 2088 doctorum
1379 2024 1500 2088 iudicia

318 2128 460 2192 exercuit
491 2129 550 2192 loc.
585 2130 632 2205 14,
660 2130 674 2191 l
712 2132 765 2203 „ut
795 2128 957 2208 pistorum
988 2127 1203 2209 praecipuus,
1237 2128 1284 2191 ita
1311 2130 1498 2210 postremus

319 2230 619 2312 philosophorum.“
651 2230 857 2294 Vocabulum
877 2229 1072 2311 „pistorum“
1099 2229 1199 2293 critici
1216 2229 1305 2293 nullo
1329 2230 1429 2293 modo
1452 2231 1498 2294 ita

319 2333 526 2414 interpretari
548 2332 599 2396 vel
617 2332 791 2396 emendare
806 2335 969 2413 poterant,
993 2335 1030 2395 ut
1053 2333 1094 2395 ab
1117 2332 1270 2396 omnibus
1285 2333 1497 2412 probaretur;

320 2434 373 2498 alii
397 2435 459 2498 alio
482 2433 582 2498 modo
606 2433 777 2497 veritatem
800 2433 1051 2514 investigabant.

402 2554 512 2636 Atque
535 2555 678 2636 primum
700 2555 833 2636 quidem
848 2554 998 2618 Halmius
1022 2558 1155 2618 auctore
1174 2554 1321 2618 Vahleno
1345 2556 1497 2620 emendat

322 2656 622 2734 „christianorum“,
662 2677 761 2738 quam
793 2657 1056 2721 emendationem
1088 2656 1240 2738 equidem
1273 2656 1362 2720 nullo
1399 2658 1496 2721 modo

317 2760 459 2840 probare
486 2779 632 2840 possum.
678 2759 762 2823 Nam
793 2759 959 2841 quomodo
989 2779 1028 2822 ex
1054 2758 1341 2834 „christianorum“
1380 2759 1497 2841 „pisto-

317 2864 408 2923 rum“
435 2880 571 2925 manare
596 2861 748 2941 potuerit,
777 2861 867 2924 nullo
899 2860 998 2923 modo
1030 2860 1102 2941 quis
1126 2860 1366 2942 interpretetur.
1411 2861 1497 2925 Sane

318 2965 395 3025 sunt
417 2963 522 3044 quiid
546 2984 584 3028 ex
610 2964 785 3045 scriptura:
808 2964 1057 3028 XPISTORVM
1080 2964 1228 3027 derivare
1243 2964 1360 3041 velint3
1384 2966 1441 3029 sed
1463 2966 1496 3028 id

318 3064 515 3128 vocabulum
537 3066 599 3129 hoc
615 3066 713 3130 modo
736 3067 893 3147 scripturn
908 3066 1017 3142 fuisse,
1034 3065 1107 3147 quis
1124 3068 1182 3141 est,
1201 3065 1257 3146 qui
1273 3065 1495 3131 demonstret?

317 3166 420 3230 Immo
442 3167 661 3233 Baehrensius
677 3174 774 3251 negat
796 3171 831 3234 in
852 3170 918 3233 ullo
942 3171 1052 3233 codice
1067 3170 1265 3233 vocabulum
1292 3169 1490 3244 „christiani“

317 3286 363 3349 sic
386 3291 556 3350 exaratum
584 3308 619 3350 se
641 3288 813 3352 invenisse.
858 3289 904 3351 Ex
932 3290 1093 3370 scriptura
1116 3293 1227 3353 autern
1253 3271 1494 3370 „ipianorum“,

318 3407 417 3469 quarn
447 3389 665 3454 Baehrensius
699 3392 830 3473 saepius
865 3392 1005 3468 invenit,
1042 3391 1130 3455 nullo
1161 3391 1260 3455 modo
1299 3391 1490 3472 „pistoruml

317 3509 452 3554 manare
474 3495 614 3571 poterat.
660 3493 803 3569 Accedit,
827 3497 863 3556 ut
884 3493 1042 3557 Caecilius
1065 3493 1217 3556 omnibus
1240 3493 1307 3558 fere
1329 3494 1408 3557 locis
1430 3513 1493 3557 uno

318 3598 453 3675 excepto
484 3596 681 3661 vocabulum
720 3597 920 3672 „christiani“
959 3597 1079 3661 devitet
1113 3617 1235 3679 eosque
1264 3596 1417 3660 conviciis
1445 3595 1493 3658 vel

316 3697 565 3776 pronominibus
602 3699 760 3780 significet
794 3699 848 3762 cfr.
880 3699 952 3776 5‚3
987 3699 1177 3775 nonnullos;
1211 3701 1285 3776 al
1316 3698 1491 3781 quosdam;

317 3797 346 3874 8,
372 3798 390 3859 3
412 3797 572 3876 homines,
594 3800 743 3865 homines
766 3802 902 3883 inquam
925 3851 932 3865 .
958 3851 964 3864 .
989 3851 996 3864 .
1019 3802 1049 3878 8,
1070 3802 1090 3864 l
1112 3801 1279 3866 latebrosa
1302 3807 1334 3867 et
1355 3801 1492 3883 lucifuga

317 3900 417 3964 natio.

403 4002 476 4065 Uno
499 4024 577 4067 vero
599 4004 682 4081 loco,
706 4025 771 4086 quo
795 4006 1002 4087 appellantur
1024 4005 1191 4069 christiani
1219 4006 1266 4081 10,
1289 4007 1309 4068 5
1335 4009 1386 4081 „at
1409 4006 1490 4069 enim

317 4104 498 4183 christiani,
523 4110 648 4187 quanta
669 4110 851 4171 monstra!“
878 4129 1011 4173 necesse
1034 4112 1099 4187 est,
1130 4129 1185 4172 eos
1210 4108 1397 4184 nominare,
1421 4128 1490 4171 curn

317 4210 432 4270 contra
453 4206 591 4272 Iudaeos
614 4213 788 4289 ponantur.
1099 4218 1101 4226 ’

401 4325 495 4390 Hanc
518 4327 615 4408 igitur
636 4328 899 4393 emendationem
922 4331 1072 4411 reprobo,
1121 4329 1323 4411 Dombartus
1351 4328 1489 4392 retinens

323 4428 517 4509 „pistorum“
546 4430 793 4512 interpretatur:
821 4432 1098 4511 „Miihllmechte“‚
1122 4453 1196 4496 curn
1218 4453 1319 4514 supra
1340 4431 1488 4496 Octavius
