3256 5098
716 371 736 435 9

142 568 255 646 patres
278 585 353 628 eum
376 564 617 642 collaudabant,
641 565 695 629 cfr.
715 567 862 630 Lactant.
886 567 960 629 inst.
979 567 1016 642 V,
1042 567 1055 629 1
1086 566 1207 641 ,Huius
1230 565 1321 643 liber,

143 667 195 729 cui
219 666 375 730 Octavius
397 668 511 731 titulus
536 671 594 744 est,
620 668 782 745 declarat,
813 689 913 750 quam
937 669 1073 733 idoneus
1096 668 1241 732 veritatis
1265 669 1322 731 ad-

143 773 250 834 sertor
273 790 343 834 esse
366 771 542 852 potuisset,
574 771 600 832 si
623 774 729 833 toturn
757 771 799 833 ad
821 771 854 833 id
877 770 1021 833 studium
1044 791 1079 833 se
1102 770 1317 846 contulisset,“

142 892 276 936 necesse
298 876 346 936 est
361 872 538 935 Minucium
558 874 640 936 haec
663 893 701 936 00
719 876 867 953 tempore
888 873 1064 953 scripsisse,
1089 891 1154 954 quo
1174 872 1322 935 doctrina

143 975 363 1038 ecclesiastica
381 975 528 1038 nondum
553 979 622 1038 erat
641 976 810 1056 perspicue
835 975 996 1056 explicata
1021 978 1052 1038 et
1072 975 1184 1055 inepta
1199 974 1322 1054 gnosti-

143 1097 257 1141 corum
288 1079 457 1160 disciplina
488 1098 608 1141 avera
637 1079 888 1142 christianorum
921 1079 1014 1159 gnosi
1044 1078 1191 1142 nondum
1214 1097 1321 1157 segre-

142 1185 229 1263 gata.
284 1183 355 1246 Hoc
389 1181 564 1263 quominus
594 1182 627 1244 in
663 1201 767 1245 annos
800 1183 976 1245 lca—163
1013 1182 1129 1244 cadere
1157 1183 1319 1261 putemuS,

141 1282 222 1345 nihil
246 1283 364 1346 obstat.
410 1283 508 1347 Anno
533 1284 619 1346 enim
646 1285 788 1347 1405111)
811 1283 984 1347 Valentino
1013 1286 1045 1345 et
1071 1283 1131 1345 150
1152 1283 1212 1344 sub
1235 1282 1321 1344 Mar-

143 1383 237 1447 cione
254 1385 453 1450 Graecorum
475 1389 506 1449 et
522 1387 680 1468 Syrorum
697 1387 844 1467 gnostica
868 1386 1038 1467 disciplina
1052 1386 1194 1448 Romam
1214 1387 1321 1447 trans-

143 1486 211 1550 lata
235 1489 292 1550 est.
338 1488 440 1551 Valde
458 1489 554 1569 igitur
574 1489 746 1552 verisimile
763 1492 812 1552 051
830 1489 918 1552 illam
933 1488 1137 1569 disciplinam
1156 1507 1243 1551 anno
1262 1487 1321 1549 lca

141 1608 248 1669 usque
270 1610 308 1653 eo
333 1590 485 1654 diffusam
508 1591 622 1666 luisse,
654 1595 690 1655 ut
712 1592 825 1667 multa,
849 1612 934 1672 quae
957 1595 1065 1655 essent
1087 1611 1255 1672 perversa,
1288 1591 1320 1652 in

142 1710 256 1754 veram
286 1692 385 1755 fidem
417 1694 629 1757 christianam
666 1695 854 1772 influerent,
892 1698 924 1758 et
954 1698 991 1757 ut
1022 1695 1073 1757 vel
1103 1694 1244 1758 maxime
1281 1713 1319 1756 eo

140 1797 291 1874 tempore
329 1795 390 1858 illis
429 1796 697 1876 perversitatibus
728 1797 859 1860 Minucii
901 1798 1029 1860 animus
1066 1801 1181 1876 captus
1218 1794 1320 1858 teneri

140 1899 263 1976 posset.
315 1897 451 1960 Inferius
487 1901 596 1961 autem
636 1901 766 1978 tempus
797 1899 886 1962 velut
918 1919 1042 1961 annum
1077 1899 1136 1961 190
1171 1899 1213 1961 ob
1247 1917 1319 1959 eam

141 1998 248 2078 ipsam
267 2019 400 2062 causam
416 2000 672 2081 repudiabimus
696 2001 784 2082 quod
802 2001 927 2063 interea
938 2001 988 2063 his
1006 2001 1169 2064 erroribus
1186 1999 1321 2062 ecclesia

141 2105 229 2163 certe
248 2103 367 2165 10511111
384 2123 505 2184 eosque
517 2102 702 2179 damnavit,
726 2103 847 2184 quippe
864 2122 937 2165 cum
960 2103 993 2164 in
1016 2101 1218 2182 apologetico
1241 2101 1320 2163 Ter-

140 2203 268 2266 tulliani
299 2205 360 2268 hoc
390 2206 510 2288 dogma
542 2206 754 2269 christianum
791 2206 831 2269 de
863 2205 1043 2269 daemoniis
1074 2205 1140 2267 iam
1171 2203 1320 2266 sinceris-

140 2305 262 2368 simum
284 2307 463 2371 exhibitum
486 2309 664 2371 videamus
682 2347 721 2353 —
759 2309 802 2370 At
827 2309 943 2371 dixerit
965 2307 1127 2389 quispiam
1143 2305 1320 2369 Minucium

141 2409 334 2487 cognovisse
369 2411 501 2492 quidem
536 2411 719 2474 doctrinam
758 2411 1025 2486 ecclesiasticam,
1066 2409 1124 2472 sed
1156 2408 1184 2470 ei
1215 2428 1254 2470 ex
1284 2427 1319 2470 re

139 2509 240 2573 fuisse
263 2531 330 2574 non
361 2515 398 2574 ut
417 2511 486 2593 jam
516 2513 681 2575 definitam
716 2533 788 2576 eam
821 2513 982 2592 accipere,
1017 2511 1074 2574 sed
1105 2513 1141 2573 ut
1172 2510 1319 2573 nondum

141 2612 338 2692 explicatam
358 2614 554 2694 perscrutari
575 2635 611 2677 ac
631 2615 727 2677 altius
743 2617 917 2677 exstruere.
963 2613 1033 2676 Hoc
1056 2616 1167 2676 autem
1186 2613 1319 2675 minime

140 2732 266 2777 verum.
311 2713 425 2796 Neque
449 2716 535 2778 enim
558 2717 741 2780 christianis
771 2718 817 2780 ita
846 2716 938 2797 sequi
960 2715 1078 2778 licebat
1106 2714 1319 2795 philosophos

141 2837 162 2880 a
182 2817 360 2880 christiana
376 2817 525 2881 doctrina
548 2819 680 2896 alienos
704 2824 739 2882 ut
759 2841 794 2882 se
811 2821 1015 2900 opponerent
1036 2817 1189 2880 ecclesiae
1204 2816 1319 2879 falsas-

141 2939 206 3000 que
229 2919 468 2984 haereticorum
501 2923 679 2984 sententias
708 2923 926 2985 admitterent.
970 2921 1017 2983 Ex
1039 2919 1089 2982 his
1112 2919 1264 2984 omnibus
1286 2917 1320 2980 id

141 3022 286 3102 cogitur,
330 3025 383 3098 ut,
430 3041 503 3085 curn
541 3024 701 3086 Minucius
744 3023 908 3105 dialogum
949 3023 1129 3098 scribebat,
1172 3020 1321 3086 doctrina

143 3123 362 3186 ecclesiastica
382 3124 530 3188 nondum
551 3126 647 3188 fuerit
666 3127 744 3190 satis
761 3127 912 3208 expedita
934 3130 965 3189 et
982 3125 1135 3206 gnosticis
1151 3125 1319 3188 sententiis

142 3229 329 3288 exonerata.
375 3228 468 3290 Unde
491 3227 567 3290 anni
590 3230 774 3291 16101163
794 3250 860 3293 11011
882 3230 987 3293 50111111
1004 3248 1042 3291 ex
1063 3229 1189 3291 ratione
1209 3248 1318 3291 rerum

142 3327 367 3407 publicarum,
412 3331 470 3393 sed
504 3331 602 3393 etiam
635 3331 859 3412 religiosarum
894 3332 989 3394 valde
1021 3330 1208 3411 probabiles
1248 3350 1318 3392 esse

141 3430 303 3494 videntur.
348 3431 465 3494 Restat
498 3452 610 3508 unum,
641 3434 824 3514 neglectum
854 3434 985 3514 quidem
1015 3433 1234 3515 aprioribuS,
1260 3432 1318 3495 sed

142 3531 372 3612 gravissimum
396 3534 437 3596 ad
460 3535 721 3614 cognoscendam
743 3535 905 3598 rationem
928 3535 1097 3616 apologiae
1114 3534 1319 3597 Minucianae

139 3634 326 3715 multasque
354 3637 506 3698 tenebras
543 3638 764 3717 repellendaS,
799 3638 839 3701 ab
869 3638 1055 3700 hominibus
1079 3636 1182 3700 doctis
1211 3637 1318 3699 adhuc

141 3738 247 3817 magis
271 3737 408 3800 evitatas
431 3759 531 3820 quam
555 3740 727 3802 discussas

227 3839 324 3903 Anno
347 3841 433 3904 enim
459 3843 527 3918 lun,
551 3863 625 3904 cum
647 3843 688 3905 M.
706 3841 857 3904 Aurelius
873 3841 1092 3922 principatum
1113 3840 1316 3920 suscepisset,

142 3940 325 4003 christianis
348 3945 423 4022 post
437 3943 651 4006 Antoniniani
674 3944 879 4007 clementiam
901 3949 1031 4006 tantum
1051 3962 1118 4005 non
1141 3943 1316 4005 necessitas

142 4045 222 4118 erat,
245 4046 282 4105 ut
304 4044 442 4105 recentis
465 4064 596 4125 quoque
619 4045 825 4125 imperatoris
848 4046 992 4107 animum
1015 4046 1074 4109 sibi
1098 4045 1315 4109 conciliarent.

141 4144 246 4220 Quem
276 4143 318 4205 ad
344 4145 444 4208 finem
467 4167 576 4210 nonne
611 4148 732 4228 scripta
763 4149 848 4209 esset
870 4146 1000 4209 Minucii
1024 4148 1189 4227 apologia,
1221 4165 1316 4226 prae-

141 4246 253 4308 sertim
276 4266 350 4309 cum
373 4247 525 4311 Aurelius
549 4255 634 4313 esset
656 4249 908 4312 litteratissimus
933 4249 1225 4329 philosophiaeque
1248 4251 1316 4310 5111-

141 4347 360 4427 diosissimus,
399 4350 516 4414 iterum
548 4356 646 4433 atque
680 4354 797 4415 iterum
833 4351 1008 4416 deliberavi
1037 4351 1249 4431 pluribusque
1283 4350 1316 4412 in

142 4449 278 4513 Octavio
295 4451 366 4531 ipso
384 4454 583 4533 argumentis
598 4455 738 4518 inventis
755 4453 985 4516 affirmandum
1001 4453 1149 4546 iudicavi.
1192 4451 1316 4534 Eodem
