821 1275
257 142 279 153 un
290 136 372 153 Ciceronis
383 136 524 157 comparationem
536 136 612 156 instituo,
626 138 674 157 parte
688 137 762 158 maxime

257 168 261 171 ¹
272 162 402 178 coniunctionem
412 162 499 178 verborum
511 163 527 178 et
538 163 638 178 structuram
648 163 762 183 periodorum,

257 193 294 204 cei-o
307 188 322 204 et
332 187 412 203 Minucius
422 187 510 207 praecipue
518 188 560 203 inter
571 193 588 203 se
597 188 701 207 cohaereant,
712 189 763 208 parte

258 214 325 230 ster-iore
334 214 354 230 de
365 213 459 234 aequalium
467 214 483 229 et
492 213 600 229 ecclesiastico
611 219 687 230 sermone
698 214 762 234 scripta

264 239 344 255 rationein
359 239 430 255 habeam
444 239 562 255 elementorum
577 239 656 255 orationis
671 239 680 255 i.
692 244 705 255 e.
719 240 762 255 sub-

257 264 339 283 adiectivi,
352 264 433 283 adverbii,
444 264 498 283 verbi,
509 264 645 284 praepositionis,
657 265 762 285 pronominis

257 295 280 306 im
287 290 376 306 Minucium
384 294 476 305 sermonem
484 289 585 305 cotidianum
593 290 679 306 admisisse
687 290 761 310 quidem,

257 321 262 331 ι
271 315 329 334 dicam,
340 320 370 335 per
378 315 465 335 posticum,
477 320 513 331 cum
520 315 598 336 aequales
606 316 641 331 eius
648 316 761 332 Tertullianus

257 346 271 357 is
283 342 368 361 tamquam
379 345 409 361 per
420 341 486 360 apextas
494 341 550 356 valvas
561 346 598 357 eam
610 341 714 357 infunderent
724 341 761 357 suis

257 367 287 383 v*loc
302 367 318 382 in
333 371 392 386 genere
407 366 476 382 multum
492 366 540 382 nohis
555 366 628 386 proderit
642 367 683 382 Itala
698 367 761 383 multa-

257 393 281 412 et,
295 397 337 412 quae
352 392 398 407 erant
413 391 467 407 adhue
482 392 538 408 clausa
552 392 573 408 ob
585 397 655 412 eamque
666 397 701 408 rein
713 392 761 408 varie

266 418 292 434 vel
303 418 358 438 potius
369 417 464 438 depravata.

257 449 260 459 ι
270 443 324 464 priore
334 443 399 464 quidem
408 444 455 463 parte
467 443 499 459 duo
511 444 554 462 sunt,
566 448 609 464 quae
619 443 659 460 mihi
669 444 760 464 praecipue

257 469 361 489 explicanda:
372 468 457 488 Minucius,
468 469 485 484 in
496 470 576 489 quantum
588 470 653 485 secutus
664 470 685 485 s1t
693 469 760 485 Cicero—

257 496 326 511 uantum
335 499 345 510 a
356 494 433 510 Cicerone
444 494 537 510 deflexerit?
549 494 595 514 Quae
605 495 677 511 maxime
686 494 760 510 illustra-

257 520 343 536 msiderata
354 520 473 541 compositione
480 520 569 536 verborum
580 521 695 540 structuraque
704 521 760 541 perio-

257 546 276 562 Ex
285 546 310 562 his
320 546 363 562 enim
371 546 418 562 facile
426 546 529 566 cognoscitur
537 546 626 562 Minucium
636 547 654 562 ut
662 546 759 562 Ciceronem

257 577 265 588 a
277 572 341 588 ratione
352 571 434 587 rhetorica
445 571 541 587 obstrictum
554 571 681 587 concinnitatem
692 572 759 588 Cicero-

257 602 352 618 3xaggerare
368 597 477 617 ampullisque
495 597 566 613 turbare⁴
595 597 686 613 Affectnsse
703 599 760 613 autem

257 628 277 639 lm
287 623 374 642 Ciceronis,
386 627 420 639 non
431 622 469 638 inde
480 622 533 638 solum
545 623 619 643 apparet,
631 623 675 643 quod
683 623 759 643 proprie-

257 649 332 665 ronianas
344 649 374 665 sibi
385 649 474 669 adoptavit,
486 649 515 665 sed
526 649 580 668 etiam,
592 649 637 669 quod
648 650 692 665 totas
703 649 758 669 perio-

258 675 327 691 iceronis
342 675 394 693 libris,
413 675 429 690 in
443 674 500 695 primis
515 679 534 690 ex
550 674 591 690 libro
608 674 637 693 „de
652 676 686 690 nat.
700 674 755 690 deor!

257 700 273 716 it.

257 726 324 742 onnulla
336 726 411 746 exempla
422 725 533 746 argutissima:

257 756 269 767 n
281 751 370 772 capitulum
378 751 416 767 XXI
427 751 490 767 Octavii
502 751 523 767 ad
531 751 599 767 verbum
607 751 641 767 fere
651 756 670 767 ex
678 751 757 767 Cicerone

257 782 266 792 n
278 777 307 793 est.

258 802 268 821 1,
282 802 288 818 1
303 802 393 822 ,Cogitanti
406 802 445 818 mihi
459 803 475 818 et
486 807 523 818 curn
536 802 591 818 animo
601 807 638 818 meo
647 802 704 818 Octavi
716 802 756 818 boni

257 828 283 844 imi
295 828 417 844 contubernalis
429 828 526 844 mersionem
537 828 637 844 recensenti*
647 829 650 844 ζ
660 840 663 844 .
672 840 675 844 .

259 853 279 869 de
296 858 319 869 or.
331 853 346 872 I,
363 854 380 873 1,
398 854 404 869 1
423 853 513 873 ,Cogitanti
531 854 571 869 mihi
588 859 638 874 saepe
653 858 721 869 numero
738 854 755 869 et

257 880 313 895 vetera
324 879 417 899 repetenti*

257 909 267 920 3.
279 905 294 923 5,
307 904 313 920 1
332 910 362 923 „ne
373 909 407 921 non
418 906 452 921 tam
463 910 483 921 ex
494 905 554 921 nostris
566 904 704 925 disputationibus
715 906 755 921 nata

264 934 314 950 quam
326 935 345 946 ex
357 930 389 946 tuis
400 930 475 946 sensibus
486 930 551 951 prolata
561 930 650 946 mentun*

257 955 311 971 Para&
323 955 334 974 Ι,
348 956 360 975 1,
372 956 382 971 6
398 956 472 975 ,Vei-eor,
488 961 508 972 ne
523 956 549 971 cui
563 956 636 972 vestrum
650 961 669 972 ex
683 956 754 972 Socrati-

257 981 318 996 minum
329 981 472 1001 disputationibus,
485 986 518 997 non
526 986 545 997 ex
553 986 590 997 meo
599 986 648 997 sensu
656 981 754 1001 deprompta

257 1007 292 1022 atur
303 1006 369 1022 oratio.“

258 1033 276 1048 nt
284 1032 336 1048 multa
342 1032 374 1048 alia
381 1032 460 1052 exempla,
472 1032 531 1053 quihus
537 1032 626 1048 Minucium
632 1037 669 1048 cum
676 1032 753 1049 Cicerone

264 1058 329 1074 vinculo
346 1063 426 1074 conexum
443 1063 479 1074 esse
495 1063 589 1078 cognoscas.
616 1058 634 1074 In
651 1059 753 1079 propositum

258 1083 271 1099 is
283 1083 313 1099 erit
324 1083 364 1099 haec
376 1083 454 1099 attulisse.

360 1118 557 1126 ——offljq
