3290 5102
818 398 953 462 ⁰38

430 595 602 671 „Ceterum
620 593 660 656 de
674 591 823 655 incendio
840 592 954 656 mundi
972 594 1029 654 aut
1045 590 1260 672 improvisum
1278 590 1387 670 ignem
1403 588 1521 652 cadere

342 701 399 764 aut
422 697 602 761 difficile
624 715 692 759 non
715 695 846 758 eredere
868 693 1011 776 vulgaris
1034 693 1152 758 erroris
1176 695 1255 756 est.“

429 816 671 894 ‚‚Diffieile“
713 816 767 880 alii
810 815 872 879 alio
907 815 1006 878 modo
1044 814 1094 878 vel
1129 814 1431 894 interpretabantur
1469 813 1521 876 vel

344 919 573 983 emendabant.
618 919 666 982 Ac
699 918 899 982 Dombartus
934 916 1066 997 quidem
1094 919 1315 996 transponens
1343 917 1441 992 „aut‘
1475 914 1521 976 sic

343 1022 419 1102 legit
443 1024 607 1098 „ceterum
636 1021 677 1084 de
705 1019 864 1092 incendio
878 1018 993 1081 mundi
1021 1017 1236 1098 improvisum
1264 1017 1371 1098 ignem
1404 1016 1521 1079 eadere

345 1126 402 1186 aut
418 1123 547 1186 difficile
573 1126 630 1186 aut
652 1142 719 1186 non
736 1121 867 1186 credere
883 1120 1026 1200 vulgaris
1043 1111 1160 1183 er'roris
1178 1107 1256 1182 est.“
1301 1119 1391 1183 Haec
1410 1121 1521 1182 autem

345 1224 530 1288 emendatio
570 1243 677 1305 neque
717 1242 751 1287 re
793 1213 900 1303 neque
937 1221 1043 1285 forma
1081 1223 1311 1286 commendata
1343 1220 1423 1284 mihi
1453 1240 1521 1283 non

344 1326 512 1406 probatur.
557 1326 643 1388 Nam
672 1325 839 1407 quomodo
870 1323 1018 1401 „difficile
1048 1324 1199 1388 credere“
1229 1324 1372 1404 vulgaris
1402 1322 1521 1385 erroris

345 1429 394 1504 sit,
425 1427 577 1508 equidem
605 1447 673 1490 non
702 1426 855 1508 intelligo.
908 1425 1032 1490 Omitto
1063 1428 1178 1490 duram
1212 1425 1392 1508 particulae
1422 1425 1520 1499 „aut‘

344 1530 580 1612 trajectionem.
625 1529 844 1592 Baehrensius
867 1548 944 1592 vero
968 1549 1048 1592 sane
1070 1528 1183 1592 omnia
1205 1528 1294 1591 ducit
1311 1527 1400 1608 apud
1414 1528 1522 1590 Minu-

344 1632 430 1696 cium
450 1630 597 1712 trajecta,
619 1631 831 1710 transposita,
854 1632 1076 1693 transmutata
1096 1633 1128 1693 et
1149 1630 1237 1692 hunc
1259 1649 1391 1710 quoque
1412 1628 1522 1693 locum

344 1734 548 1800 Minucianas
576 1732 794 1812 proprietates
823 1732 977 1812 ignorans
1000 1730 1085 1794 male
1116 1731 1246 1794 mutilat
1281 1731 1425 1794 scribens
1459 1752 1521 1813 pro

346 1835 514 1912 „diffinia‘
539 1835 728 1910 „deficiente
751 1835 869 1916 aqua“.
913 1833 1063 1897 Halmius
1086 1835 1213 1896 textum
1236 1833 1355 1897 codicis
1378 1834 1523 1923 retinens

346 1938 500 2003 asterisco
531 1937 639 2000 locum
673 1941 864 2018 corruptum
897 1936 1074 2019 significat,
1116 1956 1202 2017 quae
1242 1936 1326 1998 ratio
1359 1936 1439 1999 mihi
1470 1937 1524 1999 vel

345 2041 486 2105 maxime
514 2042 683 2121 probatur,
716 2040 743 2103 si
774 2060 841 2103 non
872 2042 995 2104 bonam
1025 2041 1149 2104 habeas
1182 2039 1444 2104 emendationem
1471 2038 1524 2101 vel

346 2143 660 2224 interpretationem.

433 2278 669 2355 „Dissilire“
693 2297 753 2358 pro
776 2277 903 2341 difficile
925 2277 1002 2358 legit
1025 2278 1281 2354 Cornelissenus
1305 2300 1412 2362 neque
1438 2279 1524 2342 hanc

346 2381 611 2450 emendationem
633 2379 770 2461 recipio:
801 2380 880 2460 quid
903 2381 989 2443 enim
1014 2384 1092 2457 „aut
1115 2382 1232 2445 cadere
1260 2385 1317 2444 aut
1340 2380 1524 2445 dissilire“?

346 2483 418 2546 Huc
449 2483 574 2545 accedit
605 2482 772 2544 temeritas
801 2482 965 2562 quaedam
995 2483 1028 2546 in
1058 2485 1318 2547 transmutandis
1352 2488 1383 2548 et
1416 2488 1525 2547 trans-

346 2584 507 2666 ponendis
525 2584 643 2660 verbis,
666 2587 703 2646 ut
720 2584 761 2647 ob
779 2583 812 2646 id
827 2584 935 2665 ipsum
957 2604 976 2647 a
992 2585 1050 2648 tali
1069 2586 1265 2649 abhorream
1284 2587 1524 2650 emendatione.

401 2736 402 2744 κ
433 2702 591 2784 Equidem
621 2703 684 2765 levi
711 2702 762 2764 vel
799 2722 934 2783 prorsus
963 2703 1054 2766 nulla
1085 2705 1268 2767 mutatione
1298 2703 1386 2767 hunc
1416 2703 1525 2767 locum

346 2826 399 2869 me
415 2824 513 2885 posse
533 2804 704 2867 enucleare
724 2804 872 2868 existimo
890 2804 1100 2870 considerans
1114 2805 1214 2869 alium
1232 2805 1392 2887 ejusmodi
1406 2806 1524 2884 locum,

348 2926 413 2988 quo
449 2906 489 2968 de
523 2905 596 2986 igne
634 2905 760 2968 inferno
795 2909 954 2970 tractatur
989 2907 1039 2984 35,
1063 2907 1091 2969 3.
1145 2907 1205 2970 Hic
1240 2907 1326 2970 enim
1359 2908 1526 2971 fabulatur

347 3008 507 3071 Minucius
531 3007 571 3070 de
595 3007 714 3086 „igne
737 3007 955 3086 sapienti“
974 3057 980 3070 .
998 3057 1005 3070 .
1023 3057 1030 3070 .
1049 3057 1055 3070 .
1081 3009 1252 3085 ‚,inexesa“
1270 3058 1276 3070 .
1294 3057 1325 3073 ..
1348 3009 1526 3073 Minuciani

348 3116 446 3196 igitur
484 3113 644 3177 sermonis
676 3113 846 3193 proprium
886 3116 935 3176 est
972 3115 1097 3177 rebus
1133 3133 1350 3194 personarum
1383 3112 1525 3193 speciem

348 3217 522 3298 praebere,
555 3215 652 3278 rebus
685 3214 846 3296 adjectiva
867 3214 1055 3295 personalia
1077 3215 1274 3295 conjungere
1306 3213 1374 3294 (cfr.
1399 3213 1526 3276 adhoc

348 3334 448 3397 infra:
472 3331 692 3414 adjectivum).
737 3333 851 3413 ltaque
863 3337 950 3397 recte
964 3317 1206 3410 ‚‚D1FF101L1'‹]'“
1223 3336 1242 3399 i.
1256 3357 1282 3399 e.
1308 3333 1525 3412 „difficilem‘

349 3435 556 3516 interpretari
577 3434 657 3497 mihi
672 3434 802 3497 videor:
826 3435 1093 3516 schwieriges
1111 3437 1174 3499 di.
1196 3434 1526 3500 unerbittliches

349 3537 462 3612 fener,
485 3539 522 3599 ut
544 3536 677 3599 omnino
700 3556 833 3600 sensum
856 3537 1062 3600 obtineamus
1087 3537 1309 3618 aptissimum:
1343 3558 1428 3616 „von
1451 3538 1526 3601 dem

349 3638 553 3702 weltbrande
575 3637 664 3700 nicht
686 3657 725 3699 zu
748 3637 907 3717 glauben,
943 3638 1019 3701 dass
1042 3639 1094 3701 ein
1116 3639 1305 3719 plhtzliehes
1329 3641 1408 3704 oder
1431 3639 1526 3722 (und)

349 3739 594 3804 unerbittliches
623 3739 713 3802 fener
735 3739 914 3802 herabfalle
931 3789 937 3802 .
956 3789 962 3802 .
981 3742 1009 3801 .“
1045 3739 1125 3802 nihil
1154 3761 1233 3804 sane
1266 3744 1373 3822 aptius
1405 3745 1525 3820 sensui,

349 3842 429 3904 nihil
451 3841 576 3904 facilius
609 3841 833 3904 obtinendum.
880 3839 1083 3904 Vocabulum
1114 3843 1212 3918 ‚‚aut“
1241 3863 1308 3907 non
1337 3844 1527 3926 disjunc-

350 3945 431 4006 tive
461 3943 765 4022 interpretabimur,
807 3943 865 4005 sed
896 3946 932 4004 ut
960 3941 1022 4005 fert
1052 3963 1158 4006 sermo
1187 3943 1408 4023 Minuciam,
1444 3966 1527 4027 quo-

350 4045 527 4109 dammodo
552 4044 802 4126 copulative.

434 4162 508 4226 Alia
530 4162 627 4243 hujus
651 4163 776 4243 generis
799 4164 948 4243 exempla
970 4164 1051 4226 haec
1074 4166 1150 4226 sunt

392 4269 421 4342 t,
448 4269 461 4330 1
493 4271 546 4344 „et
579 4267 669 4348 quod
700 4270 748 4329 est
778 4267 811 4329 in
834 4266 943 4330 liberis
975 4267 1148 4330 amabilius
1178 4268 1284 4332 adhue
1308 4269 1402 4332 annis
1431 4269 1527 4332 inno-

350 4371 517 4434 centibus“

396 4473 421 4548 1,
445 4472 464 4534 5
489 4471 742 4552 „superstitiosis
765 4471 986 4534 vanitatibus“
