3290 5102
688 347 750 436 53η

164 545 273 628 „quod
295 544 437 610 vicissim
464 562 551 606 nunc
580 541 622 606 ad
650 542 782 623 pulsum
813 545 933 609 nostris
963 543 1102 626 pedibus
1130 540 1300 606 adluderet

204 647 343 710 fluctus“
775 661 776 664 ’
828 703 830 706 .

165 748 219 812 cfr.
256 748 326 813 Cat.
358 751 450 830 nupt.
480 747 564 812 Pel:
598 747 719 828 „ipsius
751 750 828 811 ante
849 747 950 829 pedes
972 747 1091 810 fluctus
1114 745 1191 809 salis
1220 744 1301 808 allu-

207 849 336 916 debat‘.
1102 911 1104 920 ,
1149 853 1151 857 ’

207 951 292 1016 Orid
322 951 540 1033 metamorph.
574 951 604 1027 4,
642 954 694 1027 „et
725 951 759 1014 in
791 950 1010 1015 alludentibus
1041 948 1138 1013 undis
1172 967 1301 1010 summa

122 1054 253 1135 pedum,
276 1055 410 1135 taloque
432 1056 529 1116 tenus
551 1051 688 1133 vestigia
709 1051 824 1134 tingit“

163 1155 300 1222 Minue:
325 1156 428 1234 „Cum
449 1155 483 1219 in
506 1153 659 1236 aequoris
680 1153 791 1217 limine
812 1153 943 1235 plantas
966 1154 1185 1235 tingeremus“

207 1259 254 1322 Ex
276 1257 387 1322 multis
410 1257 481 1321 aliis
504 1255 660 1338 exemplis
682 1256 763 1320 haec
785 1260 916 1321 tantum
940 1257 1060 1321 affero:
1156 1341 1159 1346 Ι

165 1362 283 1426 Minuc.
299 1362 329 1438 6,
352 1363 372 1424 5
395 1361 543 1439 „coelum
558 1360 676 1442 ipsum,
699 1363 732 1424 et
754 1360 826 1441 ipsa
848 1360 957 1425 sidera
979 1359 1096 1424 audaci
1119 1356 1299 1440 cupiditate

207 1463 489 1528 transcendimus“

166 1565 221 1630 cfr.
244 1566 353 1630 Horaz
376 1586 475 1630 carm.
497 1565 520 1643 Ι,
543 1566 572 1630 3.

210 1669 357 1746 „coelum
378 1668 487 1749 ipsum
509 1668 650 1749 petimus
673 1668 828 1733 stultitia“

166 1771 284 1835 Minue.
308 1771 358 1847 38,
382 1771 401 1834 l
425 1769 525 1848 „Quis
549 1774 659 1834 autem
682 1770 743 1848 ille,
773 1769 830 1852 qui
853 1769 982 1834 dubitat
1003 1768 1112 1832 vernis
1134 1765 1302 1846 indulgere

208 1893 269 1937 nos
297 1873 442 1950 floribus,
473 1892 548 1936 cum
576 1892 751 1954 carpamus
781 1876 813 1936 et
840 1891 951 1935 rosam
974 1871 1059 1935 veris
1087 1873 1120 1934 et
1141 1868 1244 1932 lilium
1273 1869 1305 1930 et

209 1975 369 2057 quidquid
392 1975 481 2040 aliud
503 1976 537 2039 in
558 1975 693 2039 floribus
716 1975 835 2039 blandi
850 1974 967 2038 coloris
991 1978 1021 2039 et
1046 1971 1155 2040 odoris
1178 1972 1247 2035 est“

166 2077 221 2141 cfr.
245 2077 354 2142 Horaz
377 2096 476 2141 carm.
499 2076 536 2153 ΙΙ,
560 2077 579 2140 3

210 2180 303 2258 „Huc
324 2181 403 2244 rina
425 2183 457 2244 et
478 2183 649 2262 unguenta
672 2183 704 2244 et
726 2179 864 2244 nimium
886 2181 1003 2244 breves
1020 2178 1149 2242 flores
1172 2194 1305 2239 amoe-

210 2301 290 2345 nae
311 2282 395 2346 ferre
419 2283 494 2347 iube
516 2285 670 2347 rosae“.

168 2384 276 2449 Carm.
299 2384 322 2461 Ι,
346 2385 387 2448 36
413 2404 498 2462 „neu
516 2383 624 2448 desint
647 2384 750 2466 epulis
772 2403 868 2448 rosae

210 2506 275 2550 neu
297 2486 394 2549 vivax
417 2485 538 2567 apium,
561 2507 626 2551 neu
648 2488 747 2551 breve
769 2485 903 2550 lilium.“

167 2587 285 2652 Minue.
309 2588 331 2666 Ι,
361 2590 379 2653 3
404 2589 572 2670 „crederes
594 2610 695 2654 unam
718 2593 863 2654 mentem
886 2589 919 2652 in
942 2588 1071 2652 duobus
1099 2586 1198 2650 fuisse
1222 2584 1304 2648 divi·

210 2693 302 2754 sam“

168 2792 277 2856 Horaz
300 2813 399 2857 carm.
422 2793 459 2870 ΙΙ,
487 2795 524 2858 17
544 2794 595 2872 „A
616 2798 650 2859 te
671 2815 765 2859 meae
788 2795 815 2858 si
837 2798 966 2876 partem
990 2793 1120 2857 animae
1142 2791 1247 2873 rapit“

169 2893 276 2958 Germ.
300 2894 321 2971 Ι,
345 2896 364 2959 3
387 2898 440 2972 „et
462 2915 573 2960 serves
595 2897 724 2961 animae
747 2896 918 2960 dimidium
940 2897 1063 2966 meae“,

169 2996 262 3078 Verg.
287 2997 386 3079 eclog.
409 2997 460 3062 ΙΙΙ.
483 3037 523 3043 -
546 3001 583 3061 ut
605 2998 698 3062 aiunt

211 3099 403 3181 corporibus
426 3100 599 3181 geminis
622 3100 796 3182 spiritus
819 3099 923 3163 unus
947 3103 1025 3164 erat.

169 3200 286 3264 Minue.
310 3200 332 3277 Ι,
357 3202 375 3264 3
400 3221 487 3278 „non
509 3203 634 3284 respuit
656 3203 828 3266 comitem“

211 3301 266 3365 cfr.
289 3302 368 3366 Hor.
393 3323 491 3366 carm.
515 3303 537 3381 Ι,
562 3305 602 3367 35
626 3324 706 3381 „nec
729 3304 882 3368 comitem
906 3304 1067 3384 abnegat“

211 3402 255 3467 Ut
277 3403 336 3482 his,
359 3404 406 3468 ita
427 3406 579 3469 omnibus
594 3407 661 3470 fere
684 3407 771 3483 locis,
794 3407 955 3470 Minucius
977 3404 1104 3488 poetice
1119 3408 1168 3468 est
1183 3405 1304 3468 tinctus

125 3507 227 3586 atque
249 3505 378 3570 videtur
400 3529 514 3573 omnes
537 3529 576 3572 ex
598 3512 771 3590 poetarum
794 3508 993 3572 carminibus
1014 3509 1111 3572 tlores
1133 3507 1304 3588 decerptos

5 3596 19 3678 s
125 3626 257 3671 summa
279 3609 422 3675 sollertia
444 3610 603 3675 inunum
625 3611 794 3693 quoddam
816 3611 1021 3675 contexuisse
1044 3611 1260 3687 corollarium.

8 3783 11 3790 ¹
213 3708 369 3775 Necnon
393 3712 625 3790 Graecismum‚
655 3712 711 3794 qui
733 3717 879 3790 vocatur,
903 3712 1030 3776 ratione
1053 3713 1185 3776 Poetica
1210 3712 1304 3775 artis-

20 3880 22 3885 ,
126 3811 210 3875 simo
231 3813 361 3878 vinculo
385 3835 545 3880 conexum
562 3817 768 3898 amplectitur
783 3816 952 3892 Minuciae,
976 3817 1067 3879 cuius
1083 3817 1208 3879 formae
1223 3814 1304 3878 haec

125 3915 304 3997 praecipue
327 3921 456 3981 exstant
479 3917 643 4000 exempla:
1180 3975 1181 3980 1

175 4017 222 4094 17,
250 4019 262 4081 1
288 4020 392 4096 „inter
413 4023 591 4103 praecipua
613 4023 743 4086 conisus
767 4024 835 4086 est*
858 4047 901 4078 Ξ
923 4020 957 4088 ἒν
979 4033 1046 4095 τοῖς
1067 4023 1209 4103 μάλιστα

175 4120 222 4196 17,
246 4122 266 4183 3
288 4141 348 4185 nec
369 4124 476 4205 possis
499 4125 676 4206 pulchre
698 4144 810 4206 gerere
832 4144 901 4188 rem
921 4125 1048 4188 civilem
1070 4150 1111 4180 =
1133 4127 1236 4197 καλῶς

175 4221 222 4298 17,
246 4223 265 4285 3
288 4224 447 4306 sacrilegii
471 4226 557 4289 enirn
580 4227 631 4290 vel
653 4226 795 4290 maxime
817 4226 952 4289 instar
974 4230 1024 4291 est
1046 4253 1087 4281 =
1109 4230 1202 4317 δίκην

175 4325 222 4401 17,
250 4327 288 4389 10
311 4326 391 4390 alias
415 4327 567 4393 dentibus
591 4333 759 4410 saeptas
781 4355 823 4382 =
845 4329 900 4392 cfr.
925 4327 1014 4414 ἕρκος
1036 4327 1173 4394 ὅδόντον

175 4427 223 4503 18,
251 4428 264 4490 l
289 4427 424 4510 longum
440 4434 498 4508 est,
521 4431 579 4494 ire
599 4447 670 4512 per
691 4432 858 4512 singula
874 4456 915 4486 =
931 4433 1081 4510 διεξιέναι
1091 4430 1167 4498 καθ’
1178 4429 1304 4498 ἕκαστα.
