3256 5098
902 389 945 450 m

818 478 1027 487 ·-.-—-

421 581 511 658 329
547 603 623 659 „rex
646 603 696 645 es:
725 584 783 646 sed
810 587 879 647 tam
907 583 1013 660 times,
1044 603 1145 665 quam
1166 582 1306 658 timeris;
1338 583 1428 646 dives
1457 604 1502 647 es:

338 684 395 748 sed
417 684 568 748 fortunae
590 684 677 747 male
699 685 841 748 creditur
864 689 923 748 etc.

421 777 581 848 Minucius
609 806 685 867 ergo
708 786 742 848 in
765 785 952 852 adhihenda
974 787 1220 851 coordinatione
1248 787 1344 851 nimis
1367 787 1506 868 indulget

336 887 455 951 rationi
478 885 668 965 rhetoricae,
692 889 804 952 Cicero
828 888 930 952 utitur
953 909 992 953 ea
1014 889 1154 970 parcius.

652 1091 654 1096 ·
726 1056 761 1138 b)
799 1057 1119 1122 Subordinatio.

425 1193 465 1255 Ut
495 1193 662 1274 parataxis
693 1194 880 1258 Minuciana
907 1195 1071 1276 poeticum
1101 1215 1181 1276 prae
1209 1216 1244 1259 se
1272 1195 1334 1258 fert
1362 1194 1509 1270 colorem,

339 1295 384 1358 ita
403 1296 576 1377 hypotaxis
599 1297 705 1378 arguit
726 1297 903 1361 Minucium
934 1318 1014 1362 suae
1037 1298 1154 1362 aetatis
1180 1298 1307 1362 ratione
1323 1297 1512 1361 obstrictum

341 1416 421 1474 esse,
449 1417 515 1479 qua
538 1418 572 1461 re
595 1399 646 1461 vel
669 1399 811 1463 maxime
827 1399 940 1464 differt
962 1400 1123 1463 Minucius
1148 1420 1167 1463 a
1190 1399 1354 1464 Cicerone.

422 1499 462 1562 Et
489 1501 632 1581 primum
662 1501 794 1582 quidem
825 1502 1007 1566 sententiae
1037 1501 1288 1577 subordinatae,
1326 1519 1410 1581 quas
1440 1497 1513 1562 dicit

339 1602 483 1683 Draeger
499 1603 773 1679 „substantivaS,“
801 1605 891 1668 varie
909 1607 1116 1668 constructae
1131 1603 1226 1666 nobis
1242 1605 1417 1666 occurrunt
1429 1601 1514 1663 velut

340 1705 530 1782 „dubitare“
555 1725 574 1768 a
596 1706 737 1769 Minucio
768 1725 897 1787 semper
920 1706 1120 1769 construitur
1150 1725 1224 1769 cum
1246 1704 1363 1769 infinit.
1391 1724 1417 1767 c.
1440 1703 1513 1766 Ace.

383 1805 437 1869 cir.
460 1807 511 1883 23,
541 1808 561 1870 9
596 1806 696 1884 „Quis
735 1827 812 1888 ergo
842 1808 971 1871 dubitat
1005 1808 1175 1871 hominum
1207 1806 1366 1888 imagines
1404 1824 1514 1869 conse-

427 1911 534 1972 cratas
555 1908 671 1990 vulgus
695 1929 790 1973 orare
813 1912 845 1972 et
866 1908 995 1990 publice
1018 1909 1144 1973 coiere“

384 2011 461 2076 item
485 2011 535 2088 38,
557 2012 595 2088 23
620 2012 670 2088 34,
694 2013 723 2074 h.
1081 2023 1084 2028 '

342 2134 492 2178 necnon
516 2116 700 2192 „metuere“
724 2132 799 2176 cum
822 2113 880 2176 inf.
904 2134 930 2177 c.
954 2113 1030 2177 Acc.
1054 2113 1271 2195 conjungitur.

384 2217 435 2293 m,
463 2217 501 2280 10
524 2215 614 2294 „fieri
636 2236 671 2279 se
694 2215 773 2278 deos
794 2218 976 2279 metuunt“.

425 2319 528 2382 Multo
555 2321 611 2380 aut
613 2337 664 2380 em
688 2317 818 2397 saepius
840 2317 877 2380 tit
900 2317 1109 2395 contrarium,
1132 2321 1169 2381 ut
1186 2337 1246 2398 pro
1267 2315 1426 2380 infinitivo
1445 2335 1515 2378 sen-

343 2421 447 2486 tentia
469 2440 543 2484 cum
566 2418 796 2500 conjunctione
818 2422 970 2500 ponatur.

385 2522 439 2587 cni
463 2523 557 2599 28AE
588 2522 741 2598 „hebetes
769 2521 1001 2598 sentiebamus,
1032 2522 1159 2602 quasi
1182 2519 1350 2585 christiani
1372 2521 1517 2583 monstra

427 2626 589 2699 colerent*

385 2729 477 2804 38,3
508 2747 587 2808 „ego
618 2746 678 2789 vos
706 2727 740 2789 in
771 2726 834 2790 hoc
862 2726 967 2806 magis
995 2725 1115 2802 miror,
1154 2723 1435 2807 quemadmodum
1463 2723 1516 2787 tri-

428 2829 557 2894 buatis“

344 2932 406 2995 hoc
436 2951 502 2994 uno
533 2932 603 2995 ioco
627 2937 762 3014 excepto
729 2933 945 2997 tMinucius
973 2936 1048 3013 post
1072 2933 1231 3009 „mirum“
1256 2932 1322 3010 „si“
1347 2952 1421 2996 cum
1443 2949 1516 2994 con-

342 3033 435 3115 junct
436 3033 489 3097 ivo
512 3034 654 3113 ponite
592 3034 693 3098 tcnf
717 3035 767 3112 34,
792 3036 826 3111 53
854 3036 954 3112 rar.

429 3135 496 3199 Nec
519 3156 585 3198 non
608 3137 804 3200 sententiam
827 3137 1015 3218 interrogat
1008 3157 1095 3200 rvam
1119 3135 1369 3199 subordinatum
1388 3134 1517 3198 adhibet

345 3239 505 3302 Minucius
528 3258 588 3319 pro
613 3238 772 3303 infinitivo
796 3260 822 3303 c.
847 3240 923 3303 Acc.

388 3341 443 3404 cfr.
472 3343 518 3418 17,
542 3343 561 3404 5
586 3342 672 3417 „iarn
692 3343 783 3419 scies,
807 3362 907 3423 quam
930 3341 970 3405 sit
989 3341 1022 3404 in
1040 3361 1078 3404 eo
1095 3338 1213 3421 (coelo)
1236 3338 1355 3403 summi
1370 3339 1517 3402 modera-

431 3444 511 3507 toris
533 3445 617 3508 mira
640 3448 671 3508 et
695 3445 805 3507 divina
827 3443 988 3506 libratio“.

431 3545 521 3608 Haec
550 3547 682 3628 quidem
715 3549 817 3610 verba
846 3546 943 3608 vertit
964 3545 1181 3608 Dombartus:
1211 3542 1275 3618 „du
1297 3542 1388 3605 wirst
1411 3542 1517 3616 sehen,

347 3649 409 3711 wie
432 3650 632 3713 wunderbar
661 3651 729 3712 und
760 3648 933 3730 goettlich“
963 3668 1022 3728 ego
1046 3651 1156 3712 autem
1184 3645 1293 3726 rejicio
1315 3645 1401 3709 hanc
1423 3644 1519 3706 inter-

347 3752 574 3839 pretationem⁴
589 3754 620 3815 et
642 3751 688 3814 sic
703 3755 812 3815 verto:
837 3751 901 3827 „du
919 3750 1010 3813 wirst
1033 3751 1143 3824 sehen,
1167 3748 1229 3810 wie
1251 3747 1294 3811 da
1315 3747 1357 3808 ist
1380 3746 1452 3808 ein.
1470 3795 1476 3807 .
1493 3747 1519 3807 .“

349 3855 489 3932 „quam“
513 3854 610 3934 igitur
632 3855 718 3917 idem
741 3854 849 3917 valere
873 3871 911 3914 ac
934 3851 1141 3933 „quomodo“
1158 3849 1264 3912 iudico
1281 3868 1340 3911 nec
1359 3847 1519 3929 conjungo

349 3957 490 4035 „quam‘
514 3974 588 4018 cum
612 3956 715 4033 „mira
742 3959 774 4019 et
803 3953 913 4017 divina
935 3953 1095 4028 libratio“,
1124 3951 1182 4016 sed
1204 3970 1279 4014 cum
1307 3951 1407 4014 verbo
1431 3949 1521 4027 „sit“.

348 4058 448 4121 Cuius
477 4058 658 4121 sententiae
687 4057 750 4121 alia
779 4060 908 4120 exstant
937 4057 1145 4136 argumenta:
1179 4053 1273 4129 34,4
1300 4051 1400 4129 „Vide
1430 4051 1521 4127 adeo,

348 4179 448 4240 quam
466 4159 499 4221 in
527 4159 685 4223 solacium
697 4159 800 4222 nostri
826 4156 1097 4222 resurrectionem
1113 4156 1258 4218 futuram
1283 4153 1388 4217 omnis
1405 4156 1522 4216 natura

348 4262 554 4324 meditetur“.

435 4364 610 4427 Praeterea
643 4361 741 4424 etiam
777 4363 890 4426 abusio
922 4361 1189 4442 conjunctionum
1219 4360 1461 4440 ,quamquam‘
1494 4363 1523 4421 et

351 4466 541 4546 „quamvis“
573 4464 788 4527 memoranda
818 4464 859 4527 sit
886 4465 938 4527 vei
969 4465 1009 4528 ad
1038 4463 1180 4527 colorem
1211 4460 1375 4541 poeticum
1403 4460 1454 4522 vel
1484 4459 1524 4522 ad
