3290 5102
712 403 754 466 27

631 493 841 502 ———--——·-

150 598 340 679 ,profanos“
380 599 570 679 pendentes.
625 593 696 661 Hac
728 598 762 661 in
796 618 831 662 re
862 596 1127 677 Kronenbergius
1157 615 1226 658 rem
1266 614 1326 658 acu

147 700 290 781 tetigisse
312 701 392 763 mihi
419 702 547 764 videtur
577 701 702 763 dicens:
740 703 887 774 ,tumens
916 697 1096 779 indignatio
1126 717 1194 759 non
1223 695 1328 776 parcit

147 802 305 883 linguae.“
355 803 507 867 Ceterum
532 803 595 865 alia
617 802 734 877 habeo
759 801 877 882 quibus
899 801 987 862 hunc
1010 800 1118 863 locum
1142 799 1325 861 defendam.

147 905 182 968 Si
206 905 292 968 enim
315 925 384 969 rem
407 907 513 986 ipsam
542 905 641 986 paulo
666 903 848 967 accuratius
877 902 1132 984 respexerimuS,
1160 900 1254 964 facile
1277 900 1342 962 in-

145 1006 327 1087 telligemus
366 1006 542 1070 Caecilium
579 1007 661 1070 velle
700 1006 895 1069 christianos
934 1007 1083 1086 expertes
1118 1023 1189 1067 esse
1206 1044 1211 1052 =
1227 999 1326 1066 etiam

150 1110 287 1184 ,artium
310 1107 547 1172 sordidarum“.
574 1108 678 1172 .Nam
702 1108 728 1170 si
760 1128 830 1189 cap.
855 1109 884 1184 8,
908 1108 929 1170 A
956 1108 1038 1170 haec
1060 1105 1202 1170 malain
1225 1103 1326 1167 chris-

145 1212 253 1275 tianos
277 1209 422 1273 cumulat
444 1212 639 1292 opprobria:
668 1210 774 1286 „natio
798 1210 948 1290 lucifuga,
973 1210 1005 1272 in
1029 1208 1155 1290 angulis
1179 1206 1325 1288 garrula;

145 1314 251 1394 legem
282 1312 441 1394 profanae
475 1314 708 1378 cOniurationis
732 1314 923 1378 instituunt“
958 1311 1054 1374 valde
1081 1309 1255 1374 verisimile
1278 1310 1327 1370 est

145 1414 321 1478 Caecilium
344 1415 426 1479 velle
458 1416 652 1480 christianos
680 1416 809 1496 signare
838 1415 987 1478 homines
1017 1413 1120 1477 multo
1143 1411 1270 1492 peiores
1294 1413 1325 1472 et

145 1517 417 1598 contemptiore5‚
448 1538 548 1598 quam
576 1518 725 1581 homines
755 1521 841 1580 artes
871 1516 1021 1580 sordidas
1044 1518 1240 1578 exercentes.
1284 1511 1327 1573 Hi

146 1619 279 1699 quidem
303 1620 391 1698 apud
413 1619 584 1683 Romanos
614 1621 647 1682 in
669 1621 758 1683 nullo
782 1624 876 1683 erant
898 1619 1023 1682 honore
1047 1621 1147 1697 atque
1170 1614 1327 1696 despicie·
1411 1665 1412 1668 η

147 1721 285 1798 bantur,
318 1721 375 1784 sed
407 1722 633 1785 tolerabantur
664 1727 836 1804 tamquam
868 1722 1018 1785 homines
1050 1718 1190 1782 innocui.
1245 1717 1327 1779 Cum

92 1889 95 1894 .
144 1825 195 1890 his
218 1824 315 1904 igitur
337 1823 505 1887 christiani
528 1844 739 1906 nequaquam
764 1828 965 1906 aequantur,
990 1825 1111 1905 quippe
1137 1820 1193 1901 qui
1216 1818 1327 1882 coniu-

145 1926 209 1988 rati
233 1929 265 1988 et
287 1925 414 1988 scelesti
436 1926 665 2006 significemur,
697 1945 798 2007 quare
820 1927 914 1990 facile
937 1926 1142 2001 intellexeris,
1167 1943 1224 1986 cur
1246 1921 1328 1986 Cae-

147 2028 238 2092 cilius
255 2028 358 2092 dicat:
387 2032 552 2108 ,expertes
570 2029 669 2091 etiam
687 2027 807 2092 artium
823 2029 1056 2092 sordidarum.“
1106 2026 1171 2090 Sed
1190 2025 1328 2102 alterum

146 2130 254 2193 habeo
276 2150 344 2192 non
366 2129 474 2191 minus
493 2149 596 2211 grave
620 2133 858 2210 argumentum,
883 2131 948 2193 scil.
970 2130 1109 2210 figuram
1131 2127 1328 2192 rhetoricam

148 2233 204 2295 ab
222 2253 241 2294 a
257 2232 278 2294 b
300 2232 321 2293 b
339 2251 367 2307 a,
390 2231 567 2294 Minuciani
583 2232 742 2294 sermonis
758 2233 809 2295 vel
832 2233 974 2294 maxime
996 2231 1173 2313 propriam.
1214 2231 1328 2309 ltaque

148 2337 236 2398 hunc
259 2335 366 2397 locum
391 2338 422 2396 et
443 2334 549 2397 forma
572 2338 604 2397 et
626 2356 661 2398 re
684 2335 914 2398 confirmatum
937 2354 1012 2397 cum
1027 2333 1157 2397 Halmio
1181 2334 1214 2394 et
1228 2331 1329 2394 Dom-

146 2439 242 2501 barto
265 2435 463 2498 incolumem
485 2436 654 2499 retineam.

233 2524 286 2600 Ad
317 2537 479 2600 rationem
511 2541 622 2601 autem
653 2538 850 2602 rhetoricam
882 2539 944 2602 hoc
976 2539 1009 2600 in
1041 2557 1158 2619 genere
1187 2535 1329 2599 maxime

147 2640 375 2704 illustrandam
390 2644 496 2720 ⁴aptus
519 2640 560 2702 sit
582 2641 642 2703 loc.
665 2641 715 2716 Ab,
739 2642 774 2704 5:

194 2742 376 2816 ,Vulcanus
402 2741 537 2803 claudus
561 2741 641 2804 deus
665 2745 696 2804 et
719 2743 833 2806 debilis
867 2744 923 2806 ab

276 2842 394 2923 Apollo
417 2845 466 2904 tot
490 2843 652 2906 aetatibus
674 2845 753 2907 levis
869 2847 923 2909 ab
947 2745 958 3022 ἐ
983 2846 1039 2908 ab

276 2943 492 3023 Aesculapius
515 2945 599 3008 bene
622 2948 780 3011 barbatus
868 2949 923 3010 ab

191 3045 252 3108 etsi
275 3064 404 3126 semper
429 3046 644 3110 adolescentis
668 3048 829 3129 Apollinis
851 3049 934 3111 filius

279 3147 451 3227 Neptunus
476 3149 597 3228 glaucis
620 3151 721 3214 oculis
868 3153 923 3215 ab

276 3249 423 3312 Minerva
446 3251 560 3313 caesiis
868 3255 923 3316 ab
982 3250 1040 3315 ab

276 3352 406 3414 bubulis
429 3353 513 3415 luno
861 3347 888 3417 b
904 3373 925 3418 a

193 3453 332 3534 pedibus
355 3455 533 3518 Mercurius
557 3455 651 3518 alatis
867 3457 925 3520 ab

279 3555 348 3618 Pan
372 3557 537 3638 ungulatis
869 3561 924 3622 ab
981 3557 1042 3621 ba

278 3657 440 3722 Saturnus
464 3661 655 3741 compeditis
808 3669 810 3672 '
871 3663 926 3725 ab

235 3759 321 3822 Tota
351 3760 448 3842 igitur
481 3762 585 3844 figura
619 3767 747 3826 constat
786 3785 825 3828 ex
856 3765 959 3827 tribus
991 3765 1156 3845 partibus,
1189 3784 1329 3845 quarum

150 3880 227 3940 pars
251 3862 360 3924 media
383 3884 457 3926 cum
479 3865 546 3944 fig:
577 3867 627 3928 ab
658 3867 707 3929 ab
737 3868 789 3930 ba
812 3867 940 3934 duabus
962 3867 1087 3930 inclusa
1110 3870 1158 3930 est
1181 3868 1329 3947 partibus

150 3966 319 4026 ternorum
341 3967 565 4029 membrorum
599 3968 797 4048 anaphorica
827 3969 1024 4048 positorum,
1060 3969 1106 4031 ita
1138 3973 1259 4044 tamen,
1293 3973 1330 4031 ut

150 4085 228 4145 pars
261 4066 359 4129 tertia
390 4067 543 4131 chiastice
574 4073 717 4150 ponatur
746 4069 788 4133 ad
817 4071 996 4134 secundam
1026 4075 1163 4151 partem.
1208 4071 1256 4133 En
1279 4071 1330 4134 lex

151 4167 283 4231 Minucii
298 4171 497 4233 trimembris
515 4175 547 4234 et
563 4172 595 4234 in
611 4173 758 4252 partibus
776 4177 808 4235 et
827 4173 860 4235 in
877 4193 990 4235 earum
1007 4173 1162 4236 membris
1180 4173 1327 4235 elucens!

152 4291 192 4334 en
225 4271 308 4335 ratio
342 4273 505 4336 rhetorica
537 4275 740 4338 calamistros
774 4275 974 4355 nimiamque
1009 4275 1165 4338 affectans
1199 4277 1340 4349 concins

151 4374 307 4438 nitatem!
351 4376 466 4439 Differt
492 4399 511 4440 a
539 4378 680 4441 Minucio
704 4378 835 4454 Cicero,
874 4378 930 4458 qni
963 4379 1170 4459 amplectitur
1197 4380 1330 4460 quidem

152 4479 336 4540 orationem
359 4479 552 4541 concinnam
577 4484 608 4542 et
630 4481 815 4558 rotundam,
839 4480 897 4542 sed
920 4481 1065 4544 adhunc
1088 4481 1198 4544 stilum
1221 4480 1330 4570 rheto-
