3256 5098
879 403 922 466 50

795 493 1004 504 ——---

687 629 769 698 VII.
806 629 1110 718 Praepositicnos.

220 867 225 876 ,
395 789 439 853 Ut
452 789 649 871 pronomina
659 787 856 866 Minuciana,
879 787 925 851 ita
944 787 1043 852 etiam
1057 787 1317 870 praepositiones
1331 805 1490 867 magnam

310 893 470 975 praebent
482 891 642 956 sermonis
655 890 812 954 cotidiani
826 888 965 971 copiam.
997 890 1037 953 Et
1052 889 1194 954 maxime
1205 890 1339 971 quidem
1348 891 1487 969 usurpat

309 995 470 1059 Minucius
494 993 574 1071 „de“
597 1012 658 1075 pro
677 993 747 1057 aliis
769 992 1068 1075 praepositionibus
1083 992 1134 1056 vel
1157 992 1256 1056 ablat.
1279 993 1488 1056 instrument.
1615 1049 1616 1058 ,

352 1095 407 1161 cfr.
432 1097 461 1174 7,
483 1096 503 1158 5
527 1094 715 1176 „praedicta
738 1093 783 1158 de
806 1093 946 1157 oraculis
966 1093 1056 1158 fata“

353 1199 404 1276 30,
429 1198 443 1260 1
469 1196 610 1275 „initiari
632 1215 693 1260 nos
715 1245 723 1260 .
748 1245 755 1260 .
780 1245 787 1260 .
812 1194 859 1259 de
881 1195 981 1259 caede
1003 1194 1156 1260 infantis*

355 1301 402 1378 19,
425 1301 447 1364 4
469 1299 537 1378 „de
559 1297 653 1361 dictis
666 1285 743 1361 'suis
765 1297 930 1379 sapientes
953 1316 1024 1364 csse
1044 1299 1265 1362 meruerunt.“

393 1401 461 1466 Nec
501 1419 569 1464 non
605 1399 826 1463 Tertullianus
864 1403 896 1463 et
930 1399 1088 1480 Apuleius
1125 1400 1367 1481 amplectuntur
1399 1400 1488 1463 hunc

308 1525 415 1583 usum,
439 1502 608 1586 inprimis
631 1505 742 1566 autem
764 1502 939 1584 scriptores
961 1502 1072 1581 Italae,
1095 1523 1181 1585 quae
1203 1504 1330 1569 dicitur.

394 1607 439 1686 „E
447 1610 487 1671 x“
511 1608 642 1689 saepius
665 1627 725 1688 pro
751 1607 849 1671 ablat.
873 1607 1079 1680 instrument.
1103 1607 1237 1688 ponitur

351 1712 407 1776 cfr.
430 1712 482 1790 a7,
504 1711 526 1774 4
548 1715 605 1790 „ut
626 1710 774 1793 luppiter
796 1711 891 1775 ludos
914 1714 1076 1793 repeteret
1097 1731 1145 1775 ex
1167 1711 1294 1776 somnio

352 1815 380 1892 7,
404 1814 423 1876 3
446 1813 598 1877 ludorum
620 1813 749 1877 iteratio
774 1834 812 1877 ex
834 1813 962 1879 somnio
1021 1803 1024 1810 Δ
1238 1801 1241 1806 ’

349 1917 400 1996 26,
427 1918 476 1996 lt,
499 1916 576 1980 Vult
598 1917 685 1981 enim
708 1937 780 1981 esse
802 1915 1021 1980 substantiam
1044 1917 1128 1980 inter
1149 1917 1322 1982 mortalem
1351 1917 1486 1982 immor-

390 2021 574 2102 talemque,
606 2019 626 2082 i.
650 2039 677 2083 e.
700 2018 785 2084 inter
806 2039 926 2100 corpus
950 2021 981 2084 et
1004 2020 1155 2101 spiritum
1177 2020 1335 2097 mediam,
1363 2020 1486 2084 terreni

394 2123 549 2205 ponderis
577 2126 610 2186 et
637 2122 786 2185 coelestis
814 2122 955 2186 levitatis
984 2123 1183 2188 admixtione
1206 2125 1408 2200 concretam,
1438 2143 1487 2186 ex

394 2245 473 2307 qua
494 2228 635 2289 monet
658 2225 783 2289 etiam
806 2244 878 2288 nos
900 2225 1227 2306 procupidinem
1252 2225 1422 2304 amoris,
1452 2230 1486 2290 et
1618 2287 1619 2300 ,

391 2327 524 2391 formari
561 2326 640 2389 dicit
677 2329 708 2389 et
741 2325 843 2390 inlabi
877 2325 1064 2407 pectoribus
1102 2327 1255 2390 humanis
1290 2330 1323 2391 et
1350 2345 1484 2392 sensum

389 2448 522 2494 movere
561 2431 592 2491 et
630 2427 775 2491 adfectus
813 2426 936 2509 fingere
967 2431 999 2491 et
1031 2428 1181 2493 ardorem
1214 2427 1402 2509 cupiditatis
1434 2429 1485 2491 in-

387 2530 543 2594 1111111111ι

390 2632 486 2696 Hunc
508 2632 641 2714 quidem
664 2632 771 2695 locum
793 2631 943 2696 homiues
966 2632 1100 2713 quidam
1126 2633 1227 2696 critici
1248 2632 1335 2697 male
1361 2635 1484 2696 tracta-

304 2735 385 2797 bant
416 2734 525 2798 varias
557 2734 804 2798 emendationes
840 2733 1023 2798 afferentes
1079 2734 1128 2798 Ac
1159 2734 1379 2800 Baehrensius
1410 2733 1481 2816 qui-

304 2837 378 2901 dem
399 2837 525 2900 nullum
548 2837 615 2901 fere
638 2836 757 2900 codicis
775 2838 912 2900 verbum
935 2836 998 2900 hoc
1021 2837 1092 2900 loco
1115 2837 1275 2900 intactum
1293 2837 1482 2919 relinquens

304 2938 349 3002 sic
372 2939 462 3020 legit:
491 2958 551 3015 „ex
584 2958 650 3020 qua
672 2937 805 3002 Erotem
836 2937 934 3002 etiam
964 2937 1058 3018 (Eros
1088 2958 1148 3019 pro
1172 2938 1324 3020 cupidine
1347 2936 1483 3019 amoris)

304 3042 380 3106 dicit
399 3047 431 3106 et
448 3042 582 3106 formari
605 3045 637 3106 et
654 3043 774 3106 inlabi‘
794 3041 962 3124 Ejusmodi
985 3043 1171 3107 emendatio
1199 3062 1266 3106 non
1290 3040 1389 3122 digna
1411 3059 1483 3104 esse

302 3144 383 3208 mihi
410 3144 555 3219 videtur,
595 3144 629 3206 in
663 3164 764 3225 quarn
796 3146 980 3208 accuratius
1016 3145 1231 3226 inquiramus.
1279 3143 1481 3208 Dombartus

303 3269 402 3330 porro
425 3248 470 3311 sic
492 3251 615 3311 mutat:
648 3267 708 3325 „ex
737 3268 803 3330 qua
831 3251 943 3312 manet
972 3249 1070 3312 etiam
1093 3249 1175 3312 Eros
1198 3247 1271 3330 (pro
1295 3245 1481 3327 cupidinem

302 3347 436 3430 amoris)
465 3369 572 3432 neque
608 3350 690 3413 haec
723 3351 909 3414 emendatio
943 3350 1024 3414 mihi
1057 3352 1234 3432 probatur:
1268 3369 1346 3413 nam
1378 3350 1479 3414 Dom-

301 3454 416 3516 bartus
450 3472 518 3516 non
550 3452 783 3533 iuterpretatur
813 3452 1080 3534 „procupidinem
1115 3453 1272 3526 amoris“;
1304 3456 1376 3517 tum
1412 3473 1480 3517 nou

301 3557 429 3635 aptam,
464 3553 614 3635 quamvis
641 3554 746 3617 multa
776 3558 890 3631 mutet,
921 3555 1047 3618 obtinet
1080 3556 1285 3619 sententiam.
1338 3554 1478 3618 Maxime

300 3656 447 3720 omnium
482 3655 562 3718 mihi
592 3657 752 3736 probatur
786 3656 972 3720 emendatio
1011 3657 1181 3737 cujusdam
1211 3641 1353 3721 hominis
1392 3657 1478 3730 docti

304 3778 455 3854 „monet‘
490 3775 523 3838 in
552 3777 761 3853 „movent“
795 3776 953 3839 mutantis
986 3775 1148 3856 (ΜΟΝΕΤ
1180 3796 1219 3840 ex
1252 3757 1412 3857 MOVET)
1448 3780 1480 3840 et

300 3880 422 3959 „pr0“
453 3878 487 3942 in
517 3879 642 3961 ‚‚per“,
675 3878 721 3942 ita
749 3881 786 3942 ut
815 3878 900 3943 hanc
932 3878 1140 3942 obtineamus
1171 3879 1385 3960 scripturam:
1418 3897 1478 3956 „ex

299 3999 366 4063 qua
385 3984 519 4045 movent
542 3980 641 4046 etiam
663 4001 724 4045 uos
746 4002 805 4064 per
828 3981 1015 4063 cupidinem
1039 3983 1179 4048 a1n01·is“
1194 4008 1236 4036 =
1255 3984 1314 4047 rnit
1338 3981 1478 4046 welcher

299 4081 345 4147 sie
368 4101 430 4146 uns
453 4082 555 4146 durch
578 4082 631 4149 die
645 4083 825 4150 Liebeslust
847 4085 881 4148 in
906 4085 1095 4167 Bewegung
1117 4089 1227 4150 setzen
1250 4087 1281 4149 d.
1304 4085 1323 4148 i.
1347 4084 1381 4148 111
1395 4083 1478 4148 Auf-

298 4204 431 4269 regung,
454 4184 488 4250 in
510 4184 738 4252 Leidenschait
759 4186 917 4270 bringen“

383 4287 449 4354 Sed
471 4307 513 4354 ne
541 4290 574 4353 111
602 4290 664 4354 hac
694 4290 826 4373 quidem
849 4289 1080 4356 emendatione
1109 4294 1331 4376 asquiescam3
1364 4289 1477 4356 malim

299 4393 432 4456 omuino
455 4392 537 4456 haec
558 4394 660 4457 verba
682 4397 853 4475 tamquam
885 4395 1186 4476 interpretatorium
1213 4401 1245 4461 et
1272 4396 1477 4462 additamen-

298 4493 370 4558 tum
392 4493 514 4559 librarii
534 4496 714 4560 excludere.
737 4496 823 4560 Nam
845 4496 942 4576 idem,
967 4499 1056 4580 quod
1072 4499 1123 4562 his
1145 4500 1253 4564 verbis
1276 4500 1476 4581 exprimitur,
